<?xml version="1.0" encoding="UTF-8"?>
<!DOCTYPE html PUBLIC "-//W3C//DTD XHTML 1.0 Transitional//EN"
    "http://www.w3.org/TR/xhtml1/DTD/xhtml1-transitional.dtd">
<html xmlns="http://www.w3.org/1999/xhtml" xml:lang="en" lang="en">
 <head>
  <title>
</title>
<meta http-equiv="Content-Type" content="text/html;charset=utf-8" />
  <meta name='ocr-system' content='tesseract 3.04.00' />
  <meta name='ocr-capabilities' content='ocr_page ocr_carea ocr_par ocr_line ocrx_word'/>
</head>
<body>
  <div class='ocr_page' id='page_1' title='image "./sambrosiideoffi00ambrgoog_0381.png"; bbox 0 0 2736 4394; ppageno 0'>
   <div class='ocr_carea' id='block_1_1' title="bbox 394 190 1207 302">
    <p class='ocr_par' dir='ltr' id='par_1_1' title="bbox 394 190 1207 302">
     <span class='ocr_line' id='line_1_1' title="bbox 394 190 1207 302; baseline 0.016 -10"><span class='ocrx_word' id='word_1_1' title='bbox 394 239 681 294; x_wconf 69' lang='lat' dir='ltr'>leuauerunt.</span> <span class='ocrx_word' id='word_1_2' title='bbox 713 241 829 292; x_wconf 71' lang='lat' dir='ltr'>mnne</span> <span class='ocrx_word' id='word_1_3' title='bbox 849 239 883 296; x_wconf 77' lang='lat' dir='ltr'>V.</span> <span class='ocrx_word' id='word_1_4' title='bbox 1056 241 1126 302; x_wconf 73' lang='lat' dir='ltr'>1ss</span> <span class='ocrx_word' id='word_1_5' title='bbox 1201 190 1207 202; x_wconf 33' lang='grc' dir='ltr'>Ι</span> 
     </span>
    </p>
   </div>
   <div class='ocr_carea' id='block_1_2' title="bbox 132 345 1126 470">
    <p class='ocr_par' dir='ltr' id='par_1_2' title="bbox 132 345 1126 470">
     <span class='ocr_line' id='line_1_2' title="bbox 132 345 1126 470; baseline -0.002 -24"><span class='ocrx_word' id='word_1_6' title='bbox 132 345 316 470; x_wconf 77' lang='lat' dir='ltr'>procedere.</span> <span class='ocrx_word' id='word_1_7' title='bbox 360 375 441 454; x_wconf 80' lang='lat' dir='ltr'>Quae</span> <span class='ocrx_word' id='word_1_8' title='bbox 463 383 528 442; x_wconf 85' lang='lat' dir='ltr'>nirnr</span> <span class='ocrx_word' id='word_1_9' title='bbox 550 377 605 441; x_wconf 84' lang='lat' dir='ltr'>ribi</span> <span class='ocrx_word' id='word_1_10' title='bbox 627 377 711 442; x_wconf 81' lang='lat' dir='ltr'>iuenr</span> <span class='ocrx_word' id='word_1_11' title='bbox 731 379 810 443; x_wconf 84' lang='lat' dir='ltr'>vitae</span> <span class='ocrx_word' id='word_1_12' title='bbox 835 375 938 442; x_wconf 75' lang='lat' dir='ltr'>ederae</span> <span class='ocrx_word' id='word_1_13' title='bbox 964 378 1126 458; x_wconf 70' lang='lat' dir='ltr'>adverterit,</span> 
     </span>
    </p>
   </div>
   <div class='ocr_carea' id='block_1_3' title="bbox 129 463 1241 3658">
    <p class='ocr_par' dir='ltr' id='par_1_3' title="bbox 129 463 1217 1832">
     <span class='ocr_line' id='line_1_3' title="bbox 143 463 1217 550; baseline -0.002 -16"><span class='ocrx_word' id='word_1_14' title='bbox 143 469 216 534; x_wconf 83' lang='lat' dir='ltr'>lauit</span> <span class='ocrx_word' id='word_1_15' title='bbox 235 465 291 528; x_wconf 85' lang='lat' dir='ltr'>eibi</span> <span class='ocrx_word' id='word_1_16' title='bbox 307 463 427 550; x_wconf 67' lang='lat' dir='ltr'>thenon</span> <span class='ocrx_word' id='word_1_17' title='bbox 450 463 488 527; x_wconf 92' lang='lat' dir='ltr'>de</span> <span class='ocrx_word' id='word_1_18' title='bbox 511 464 594 530; x_wconf 88' lang='lat' dir='ltr'>tbure</span> <span class='ocrx_word' id='word_1_19' title='bbox 612 477 648 528; x_wconf 85' lang='lat' dir='ltr'>et</span> <span class='ocrx_word' id='word_1_20' title='bbox 660 464 774 550; x_wconf 79' lang='lat' dir='ltr'>nrprrba</span> <span class='ocrx_word' id='word_1_21' title='bbox 793 475 825 529; x_wconf 90' lang='lat' dir='ltr'>et</span> <span class='ocrx_word' id='word_1_22' title='bbox 842 468 968 530; x_wconf 83' lang='lat' dir='ltr'>eaeterir</span> <span class='ocrx_word' id='word_1_23' title='bbox 984 466 1127 544; x_wconf 81' lang='lat' dir='ltr'>odoribue,</span> <span class='ocrx_word' id='word_1_24' title='bbox 1214 487 1217 496; x_wconf 66' lang='lat'><strong>⁴</strong></span> 
     </span>
     <span class='ocr_line' id='line_1_4' title="bbox 143 551 1127 636; baseline 0.005 -22"><span class='ocrx_word' id='word_1_25' title='bbox 143 561 174 620; x_wconf 81' lang='lat' dir='ltr'>in</span> <span class='ocrx_word' id='word_1_26' title='bbox 191 573 274 636; x_wconf 83' lang='lat' dir='ltr'>quarn</span> <span class='ocrx_word' id='word_1_27' title='bbox 293 553 411 634; x_wconf 90' lang='lat' dir='ltr'>inrpleto</span> <span class='ocrx_word' id='word_1_28' title='bbox 428 551 506 614; x_wconf 78' lang='lat' dir='ltr'>vitae</span> <span class='ocrx_word' id='word_1_29' title='bbox 522 572 593 616; x_wconf 81' lang='lat' dir='ltr'>auae</span> <span class='ocrx_word' id='word_1_30' title='bbox 611 563 740 636; x_wconf 85' lang='lat' dir='ltr'>tempore</span> <span class='ocrx_word' id='word_1_31' title='bbox 759 555 848 614; x_wconf 89' lang='lat' dir='ltr'>iutrnt</span> <span class='ocrx_word' id='word_1_32' title='bbox 865 563 897 615; x_wconf 91' lang='lat' dir='ltr'>et</span> <span class='ocrx_word' id='word_1_33' title='bbox 912 557 1044 617; x_wconf 87' lang='lat' dir='ltr'>nroritur.</span> <span class='ocrx_word' id='word_1_34' title='bbox 1086 555 1127 619; x_wconf 84' lang='lat' dir='ltr'>Do</span> 
     </span>
     <span class='ocr_line' id='line_1_5' title="bbox 145 639 1127 720; baseline 0.002 -18"><span class='ocrx_word' id='word_1_35' title='bbox 145 644 226 707; x_wconf 81' lang='lat' dir='ltr'>eninr</span> <span class='ocrx_word' id='word_1_36' title='bbox 243 639 363 702; x_wconf 90' lang='lat' dir='ltr'>lrunrore</span> <span class='ocrx_word' id='word_1_37' title='bbox 381 639 478 700; x_wconf 85' lang='lat' dir='ltr'>narnia</span> <span class='ocrx_word' id='word_1_38' title='bbox 495 642 599 702; x_wconf 71' lang='lat' dir='ltr'>vermis</span> <span class='ocrx_word' id='word_1_39' title='bbox 617 642 749 720; x_wconf 75' lang='lat' dir='ltr'>exsurgit</span> <span class='ocrx_word' id='word_1_40' title='bbox 765 640 958 720; x_wconf 75' lang='lat' dir='ltr'>paulatimque</span> <span class='ocrx_word' id='word_1_41' title='bbox 976 640 1127 717; x_wconf 72' lang='lat' dir='ltr'>adoleaeitr</span> 
     </span>
     <span class='ocr_line' id='line_1_6' title="bbox 142 725 1129 811; baseline -0.003 -18"><span class='ocrx_word' id='word_1_42' title='bbox 142 748 180 793; x_wconf 83' lang='lat' dir='ltr'>ao</span> <span class='ocrx_word' id='word_1_43' title='bbox 195 739 335 811; x_wconf 75' lang='lat' dir='ltr'>&#39;pronearrr</span> <span class='ocrx_word' id='word_1_44' title='bbox 352 726 451 788; x_wconf 84' lang='lat' dir='ltr'>rtatnti</span> <span class='ocrx_word' id='word_1_45' title='bbox 468 727 607 809; x_wconf 85' lang='lat' dir='ltr'>ternporie</span> <span class='ocrx_word' id='word_1_46' title='bbox 625 725 717 789; x_wconf 89' lang='lat' dir='ltr'>induit</span> <span class='ocrx_word' id='word_1_47' title='bbox 733 726 842 788; x_wconf 87' lang='lat' dir='ltr'>alururn</span> <span class='ocrx_word' id='word_1_48' title='bbox 859 728 982 807; x_wconf 75' lang='lat' dir='ltr'>reurlgia</span> <span class='ocrx_word' id='word_1_49' title='bbox 998 729 1129 811; x_wconf 84' lang='lat' dir='ltr'>atqnoin</span> 
     </span>
     <span class='ocr_line' id='line_1_7' title="bbox 143 812 1130 898; baseline -0.002 -20"><span class='ocrx_word' id='word_1_50' title='bbox 143 813 301 898; x_wconf 81' lang='lat' dir='ltr'>anperiorie</span> <span class='ocrx_word' id='word_1_51' title='bbox 318 813 380 888; x_wconf 80' lang='lat' dir='ltr'>arie</span> <span class='ocrx_word' id='word_1_52' title='bbox 396 813 525 895; x_wconf 84' lang='lat' dir='ltr'>epeeiunr</span> <span class='ocrx_word' id='word_1_53' title='bbox 542 814 719 897; x_wconf 83' lang='lat' dir='ltr'>iomanrque</span> <span class='ocrx_word' id='word_1_54' title='bbox 736 822 898 894; x_wconf 80' lang='lat' dir='ltr'>reperetur.</span> <span class='ocrx_word' id='word_1_55' title='bbox 943 812 1059 877; x_wconf 87' lang='lat' dir='ltr'>lioneat</span> <span class='ocrx_word' id='word_1_56' title='bbox 1078 816 1130 897; x_wconf 76' lang='lat' dir='ltr'>igi·</span> 
     </span>
     <span class='ocr_line' id='line_1_8' title="bbox 143 898 1129 984; baseline -0.002 -18"><span class='ocrx_word' id='word_1_57' title='bbox 143 913 191 966; x_wconf 90' lang='lat' dir='ltr'>tnr</span> <span class='ocrx_word' id='word_1_58' title='bbox 211 919 266 962; x_wconf 86' lang='lat' dir='ltr'>nor</span> <span class='ocrx_word' id='word_1_59' title='bbox 287 899 360 962; x_wconf 86' lang='lat' dir='ltr'>lraee</span> <span class='ocrx_word' id='word_1_60' title='bbox 383 901 444 962; x_wconf 79' lang='lat' dir='ltr'>avie</span> <span class='ocrx_word' id='word_1_61' title='bbox 460 900 508 963; x_wconf 88' lang='lat' dir='ltr'>rel</span> <span class='ocrx_word' id='word_1_62' title='bbox 526 901 659 984; x_wconf 82' lang='lat' dir='ltr'>exemplo</span> <span class='ocrx_word' id='word_1_63' title='bbox 675 902 720 963; x_wconf 84' lang='lat' dir='ltr'>aui</span> <span class='ocrx_word' id='word_1_64' title='bbox 738 898 1129 974; x_wconf 78' lang='lat' dir='ltr'>rerurrectionenr&#39;ererlere,</span> 
     </span>
     <span class='ocr_line' id='line_1_9' title="bbox 145 986 1131 1072; baseline 0 -22"><span class='ocrx_word' id='word_1_65' title='bbox 145 1007 218 1072; x_wconf 83' lang='lat' dir='ltr'>quun</span> <span class='ocrx_word' id='word_1_66' title='bbox 236 997 267 1048; x_wconf 90' lang='lat' dir='ltr'>et</span> <span class='ocrx_word' id='word_1_67' title='bbox 284 987 346 1048; x_wconf 82' lang='lat' dir='ltr'>eine</span> <span class='ocrx_word' id='word_1_68' title='bbox 365 986 497 1070; x_wconf 82' lang='lat' dir='ltr'>exemplo</span> <span class='ocrx_word' id='word_1_69' title='bbox 516 997 547 1049; x_wconf 92' lang='lat' dir='ltr'>et</span> <span class='ocrx_word' id='word_1_70' title='bbox 563 989 626 1049; x_wconf 85' lang='lat' dir='ltr'>eine</span> <span class='ocrx_word' id='word_1_71' title='bbox 643 988 765 1050; x_wconf 78' lang='lat' dir='ltr'>rationis</span> <span class='ocrx_word' id='word_1_72' title='bbox 782 986 972 1070; x_wconf 84' lang='lat' dir='ltr'>pereeptiope</span> <span class='ocrx_word' id='word_1_73' title='bbox 993 987 1059 1068; x_wconf 84' lang='lat' dir='ltr'>ipaa</span> <span class='ocrx_word' id='word_1_74' title='bbox 1078 987 1131 1050; x_wconf 84' lang='lat' dir='ltr'>ribi</span> 
     </span>
     <span class='ocr_line' id='line_1_10' title="bbox 143 1071 1132 1157; baseline 0 -20"><span class='ocrx_word' id='word_1_75' title='bbox 143 1071 267 1155; x_wconf 80' lang='lat' dir='ltr'>insignia</span> <span class='ocrx_word' id='word_1_76' title='bbox 287 1073 510 1135; x_wconf 81' lang='lat' dir='ltr'>resurreetionir</span> <span class='ocrx_word' id='word_1_77' title='bbox 536 1073 686 1136; x_wconf 72' lang='lat' dir='ltr'>instaurat.</span> <span class='ocrx_word' id='word_1_78' title='bbox 730 1072 770 1136; x_wconf 82' lang='lat' dir='ltr'>Et</span> <span class='ocrx_word' id='word_1_79' title='bbox 795 1075 895 1155; x_wconf 80' lang='lat' dir='ltr'>utique</span> <span class='ocrx_word' id='word_1_80' title='bbox 919 1092 989 1136; x_wconf 82' lang='lat' dir='ltr'>eree</span> <span class='ocrx_word' id='word_1_81' title='bbox 1014 1083 1132 1157; x_wconf 82' lang='lat' dir='ltr'>proptor</span> 
     </span>
     <span class='ocr_line' id='line_1_11' title="bbox 143 1158 1131 1243; baseline -0.002 -19"><span class='ocrx_word' id='word_1_82' title='bbox 143 1160 285 1224; x_wconf 86' lang='lat' dir='ltr'>bemineru</span> <span class='ocrx_word' id='word_1_83' title='bbox 303 1168 383 1232; x_wconf 84' lang='lat' dir='ltr'>runt,</span> <span class='ocrx_word' id='word_1_84' title='bbox 402 1178 460 1220; x_wconf 89' lang='lat' dir='ltr'>uon</span> <span class='ocrx_word' id='word_1_85' title='bbox 477 1159 562 1220; x_wconf 85' lang='lat' dir='ltr'>borno</span> <span class='ocrx_word' id='word_1_86' title='bbox 580 1171 702 1241; x_wconf 88' lang='lat' dir='ltr'>propter</span> <span class='ocrx_word' id='word_1_87' title='bbox 717 1179 796 1222; x_wconf 84' lang='lat' dir='ltr'>area.</span> <span class='ocrx_word' id='word_1_88' title='bbox 833 1158 878 1221; x_wconf 88' lang='lat' dir='ltr'>Sit</span> <span class='ocrx_word' id='word_1_89' title='bbox 894 1160 985 1239; x_wconf 83' lang='lat' dir='ltr'>igitur</span> <span class='ocrx_word' id='word_1_90' title='bbox 1001 1161 1131 1243; x_wconf 83' lang='lat' dir='ltr'>exeruplo</span> 
     </span>
     <span class='ocr_line' id='line_1_12' title="bbox 143 1245 1133 1328; baseline 0 -19"><span class='ocrx_word' id='word_1_91' title='bbox 143 1247 242 1319; x_wconf 82' lang='lat' dir='ltr'>nobie,</span> <span class='ocrx_word' id='word_1_92' title='bbox 265 1245 332 1327; x_wconf 86' lang='lat' dir='ltr'>qnia</span> <span class='ocrx_word' id='word_1_93' title='bbox 348 1256 454 1308; x_wconf 87' lang='lat' dir='ltr'>aneton</span> <span class='ocrx_word' id='word_1_94' title='bbox 470 1255 501 1307; x_wconf 94' lang='lat' dir='ltr'>et</span> <span class='ocrx_word' id='word_1_95' title='bbox 518 1253 637 1307; x_wconf 81' lang='lat' dir='ltr'>creator</span> <span class='ocrx_word' id='word_1_96' title='bbox 648 1246 746 1307; x_wconf 83' lang='lat' dir='ltr'>&#39;ariunn</span> <span class='ocrx_word' id='word_1_97' title='bbox 763 1255 880 1307; x_wconf 84' lang='lat' dir='ltr'>aauetor</span> <span class='ocrx_word' id='word_1_98' title='bbox 895 1264 965 1307; x_wconf 77' lang='lat' dir='ltr'>uuor</span> <span class='ocrx_word' id='word_1_99' title='bbox 982 1247 1013 1307; x_wconf 89' lang='lat' dir='ltr'>in</span> <span class='ocrx_word' id='word_1_100' title='bbox 1030 1265 1133 1328; x_wconf 90' lang='lat' dir='ltr'>perpe·</span> 
     </span>
     <span class='ocr_line' id='line_1_13' title="bbox 129 1331 1132 1414; baseline 0 -20"><span class='ocrx_word' id='word_1_101' title='bbox 129 1343 221 1394; x_wconf 79' lang='lat' dir='ltr'>‘tuunr</span> <span class='ocrx_word' id='word_1_102' title='bbox 242 1332 340 1414; x_wconf 89' lang='lat' dir='ltr'>perire</span> <span class='ocrx_word' id='word_1_103' title='bbox 358 1351 416 1393; x_wconf 89' lang='lat' dir='ltr'>nou</span> <span class='ocrx_word' id='word_1_104' title='bbox 434 1331 556 1414; x_wconf 83' lang='lat' dir='ltr'>patitur,</span> <span class='ocrx_word' id='word_1_105' title='bbox 580 1331 627 1413; x_wconf 87' lang='lat' dir='ltr'>rpri</span> <span class='ocrx_word' id='word_1_106' title='bbox 644 1350 726 1393; x_wconf 82' lang='lat' dir='ltr'>avenn</span> <span class='ocrx_word' id='word_1_107' title='bbox 743 1333 857 1394; x_wconf 87' lang='lat' dir='ltr'>nuieanr</span> <span class='ocrx_word' id='word_1_108' title='bbox 875 1331 975 1413; x_wconf 87' lang='lat' dir='ltr'>perire</span> <span class='ocrx_word' id='word_1_109' title='bbox 993 1350 1052 1394; x_wconf 91' lang='lat' dir='ltr'>non</span> <span class='ocrx_word' id='word_1_110' title='bbox 1069 1351 1132 1414; x_wconf 82' lang='lat' dir='ltr'>pae-</span> 
     </span>
     <span class='ocr_line' id='line_1_14' title="bbox 142 1417 1205 1510; baseline -0.002 -28"><span class='ocrx_word' id='word_1_111' title='bbox 142 1437 205 1494; x_wconf 80' lang='lat' dir='ltr'>eua,</span> <span class='ocrx_word' id='word_1_112' title='bbox 236 1427 436 1499; x_wconf 69' lang='lat' dir='ltr'>rerurpentern</span> <span class='ocrx_word' id='word_1_113' title='bbox 463 1436 527 1480; x_wconf 82' lang='lat' dir='ltr'>ennr</span> <span class='ocrx_word' id='word_1_114' title='bbox 553 1418 597 1479; x_wconf 83' lang='lat' dir='ltr'>eni</span> <span class='ocrx_word' id='word_1_115' title='bbox 623 1417 733 1510; x_wconf 72' lang='lat' dir='ltr'>nemine</span> <span class='ocrx_word' id='word_1_116' title='bbox 757 1418 850 1480; x_wconf 84' lang='lat' dir='ltr'>voluit</span> <span class='ocrx_word' id='word_1_117' title='bbox 877 1419 1020 1500; x_wconf 81' lang='lat' dir='ltr'>repareri.</span> <span class='ocrx_word' id='word_1_118' title='bbox 1066 1417 1133 1494; x_wconf 76' lang='lat' dir='ltr'>Quin</span> <span class='ocrx_word' id='word_1_119' title='bbox 1200 1483 1205 1494; x_wconf 62' lang='grc'><strong>,</strong></span> 
     </span>
     <span class='ocr_line' id='line_1_15' title="bbox 143 1501 1133 1588; baseline 0 -21"><span class='ocrx_word' id='word_1_120' title='bbox 143 1505 233 1588; x_wconf 76' lang='lat' dir='ltr'>igitur</span> <span class='ocrx_word' id='word_1_121' title='bbox 249 1505 317 1568; x_wconf 88' lang='lat' dir='ltr'>lruiu</span> <span class='ocrx_word' id='word_1_122' title='bbox 335 1505 485 1566; x_wconf 88' lang='lat' dir='ltr'>annuntiat</span> <span class='ocrx_word' id='word_1_123' title='bbox 501 1501 577 1566; x_wconf 88' lang='lat' dir='ltr'>diern</span> <span class='ocrx_word' id='word_1_124' title='bbox 595 1505 710 1579; x_wconf 78' lang='lat' dir='ltr'>mortio,</span> <span class='ocrx_word' id='word_1_125' title='bbox 733 1515 766 1567; x_wconf 87' lang='lat' dir='ltr'>ut</span> <span class='ocrx_word' id='word_1_126' title='bbox 783 1505 873 1566; x_wconf 81' lang='lat' dir='ltr'>iaciat</span> <span class='ocrx_word' id='word_1_127' title='bbox 894 1503 950 1566; x_wconf 85' lang='lat' dir='ltr'>ribi</span> <span class='ocrx_word' id='word_1_128' title='bbox 971 1505 1086 1568; x_wconf 85' lang='lat' dir='ltr'>tbeeanr</span> <span class='ocrx_word' id='word_1_129' title='bbox 1102 1515 1133 1568; x_wconf 92' lang='lat' dir='ltr'>et</span> 
     </span>
     <span class='ocr_line' id='line_1_16' title="bbox 142 1589 1134 1675; baseline -0.003 -20"><span class='ocrx_word' id='word_1_130' title='bbox 142 1592 262 1675; x_wconf 92' lang='lat' dir='ltr'>inrpleat</span> <span class='ocrx_word' id='word_1_131' title='bbox 286 1611 350 1654; x_wconf 87' lang='lat' dir='ltr'>eanr</span> <span class='ocrx_word' id='word_1_132' title='bbox 376 1589 462 1654; x_wconf 73' lang='lat' dir='ltr'>bonis</span> <span class='ocrx_word' id='word_1_133' title='bbox 488 1589 626 1653; x_wconf 85' lang='lat' dir='ltr'>odoribnr</span> <span class='ocrx_word' id='word_1_134' title='bbox 650 1601 737 1673; x_wconf 83' lang='lat' dir='ltr'>atque</span> <span class='ocrx_word' id='word_1_135' title='bbox 764 1590 945 1672; x_wconf 73' lang='lat' dir='ltr'>ingrediatur</span> <span class='ocrx_word' id='word_1_136' title='bbox 964 1593 995 1652; x_wconf 94' lang='lat' dir='ltr'>in</span> <span class='ocrx_word' id='word_1_137' title='bbox 1017 1611 1081 1654; x_wconf 86' lang='lat' dir='ltr'>eenr</span> <span class='ocrx_word' id='word_1_138' title='bbox 1101 1599 1134 1653; x_wconf 85' lang='lat' dir='ltr'>nt</span> 
     </span>
     <span class='ocr_line' id='line_1_17' title="bbox 142 1673 1133 1760; baseline -0.004 -20"><span class='ocrx_word' id='word_1_139' title='bbox 142 1679 283 1740; x_wconf 80' lang='lat' dir='ltr'>uror-intur</span> <span class='ocrx_word' id='word_1_140' title='bbox 307 1679 383 1753; x_wconf 83' lang='lat' dir='ltr'>illie,</span> <span class='ocrx_word' id='word_1_141' title='bbox 414 1676 464 1738; x_wconf 87' lang='lat' dir='ltr'>ubi</span> <span class='ocrx_word' id='word_1_142' title='bbox 490 1673 630 1738; x_wconf 72' lang='lat' dir='ltr'>odoribus</span> <span class='ocrx_word' id='word_1_143' title='bbox 656 1677 753 1757; x_wconf 68' lang='lat' dir='ltr'>&#39;gretie</span> <span class='ocrx_word' id='word_1_144' title='bbox 779 1679 878 1738; x_wconf 79' lang='lat' dir='ltr'>foetor</span> <span class='ocrx_word' id='word_1_145' title='bbox 902 1676 1014 1737; x_wconf 71' lang='lat' dir='ltr'>iunonis</span> <span class='ocrx_word' id='word_1_146' title='bbox 1042 1677 1133 1760; x_wconf 78' lang='lat' dir='ltr'>puniit</span> 
     </span>
     <span class='ocr_line' id='line_1_18' title="bbox 143 1761 851 1832; baseline 0.001 -7"><span class='ocrx_word' id='word_1_147' title='bbox 143 1761 275 1825; x_wconf 76' lang='lat' dir='ltr'>aboleri?</span> <span class='ocrx_word' id='word_1_148' title='bbox 385 1824 389 1832; x_wconf 79' lang='grc'><strong>,</strong></span> <span class='ocrx_word' id='word_1_149' title='bbox 444 1827 446 1830; x_wconf 71' lang='grc'><strong>,</strong></span> <span class='ocrx_word' id='word_1_150' title='bbox 847 1815 851 1826; x_wconf 94' lang='grc'>.</span> 
     </span>
    </p>

    <p class='ocr_par' dir='ltr' id='par_1_4' title="bbox 141 1845 1241 3226">
     <span class='ocr_line' id='line_1_19' title="bbox 165 1845 1241 1929; baseline -0.004 -14"><span class='ocrx_word' id='word_1_151' title='bbox 165 1851 168 1860; x_wconf 84' lang='grc'><strong>’</strong></span> <span class='ocrx_word' id='word_1_152' title='bbox 229 1853 281 1914; x_wconf 84' lang='grc'>80.</span> <span class='ocrx_word' id='word_1_153' title='bbox 317 1846 377 1909; x_wconf 80' lang='lat' dir='ltr'>Fae</span> <span class='ocrx_word' id='word_1_154' title='bbox 395 1857 427 1908; x_wconf 89' lang='lat' dir='ltr'>et</span> <span class='ocrx_word' id='word_1_155' title='bbox 444 1856 483 1920; x_wconf 84' lang='lat' dir='ltr'>tn,</span> <span class='ocrx_word' id='word_1_156' title='bbox 501 1867 520 1908; x_wconf 94' lang='lat' dir='ltr'>o</span> <span class='ocrx_word' id='word_1_157' title='bbox 537 1845 635 1920; x_wconf 86' lang='lat' dir='ltr'>borno,</span> <span class='ocrx_word' id='word_1_158' title='bbox 651 1847 707 1910; x_wconf 88' lang='lat' dir='ltr'>tibi</span> <span class='ocrx_word' id='word_1_159' title='bbox 725 1845 853 1920; x_wconf 84' lang='lat' dir='ltr'>tbeearn‚</span> <span class='ocrx_word' id='word_1_160' title='bbox 872 1846 1037 1929; x_wconf 75' lang='lat' dir='ltr'>exspoliant</span> <span class='ocrx_word' id='word_1_161' title='bbox 1052 1857 1133 1910; x_wconf 78' lang='lat' dir='ltr'>rete-</span> <span class='ocrx_word' id='word_1_162' title='bbox 1236 1883 1241 1893; x_wconf 92' lang='lat'><strong>·</strong></span> 
     </span>
     <span class='ocr_line' id='line_1_20' title="bbox 142 1929 1132 2006; baseline -0.001 -11"><span class='ocrx_word' id='word_1_163' title='bbox 142 1951 203 1996; x_wconf 88' lang='lat' dir='ltr'>rern</span> <span class='ocrx_word' id='word_1_164' title='bbox 220 1933 365 1994; x_wconf 87' lang='lat' dir='ltr'>borninoru</span> <span class='ocrx_word' id='word_1_165' title='bbox 383 1951 446 1994; x_wconf 89' lang='lat' dir='ltr'>eunr</span> <span class='ocrx_word' id='word_1_166' title='bbox 465 1931 578 1994; x_wconf 86' lang='lat' dir='ltr'>aetibna</span> <span class='ocrx_word' id='word_1_167' title='bbox 594 1933 667 2006; x_wconf 82' lang='lat' dir='ltr'>ania,</span> <span class='ocrx_word' id='word_1_168' title='bbox 689 1951 792 1994; x_wconf 84' lang='lat' dir='ltr'>nornrn</span> <span class='ocrx_word' id='word_1_169' title='bbox 814 1929 911 1994; x_wconf 89' lang='lat' dir='ltr'>indue.</span> <span class='ocrx_word' id='word_1_170' title='bbox 952 1931 1054 1994; x_wconf 84' lang='lat' dir='ltr'>l&#39;lreua</span> <span class='ocrx_word' id='word_1_171' title='bbox 1074 1944 1132 2006; x_wconf 88' lang='lat' dir='ltr'>tua,</span> 
     </span>
     <span class='ocr_line' id='line_1_21' title="bbox 141 2013 1134 2101; baseline -0.001 -21"><span class='ocrx_word' id='word_1_172' title='bbox 141 2019 247 2101; x_wconf 74' lang='lat' dir='ltr'>regine</span> <span class='ocrx_word' id='word_1_173' title='bbox 273 2029 323 2080; x_wconf 88' lang='lat' dir='ltr'>tua</span> <span class='ocrx_word' id='word_1_174' title='bbox 346 2016 477 2080; x_wconf 83' lang='lat' dir='ltr'>Gbrirtnr</span> <span class='ocrx_word' id='word_1_175' title='bbox 503 2027 562 2091; x_wconf 80' lang='lat' dir='ltr'>eet,</span> <span class='ocrx_word' id='word_1_176' title='bbox 590 2019 638 2100; x_wconf 79' lang='lat' dir='ltr'>qni</span> <span class='ocrx_word' id='word_1_177' title='bbox 659 2028 690 2080; x_wconf 88' lang='lat' dir='ltr'>te</span> <span class='ocrx_word' id='word_1_178' title='bbox 712 2027 849 2101; x_wconf 71' lang='lat' dir='ltr'>protegat</span> <span class='ocrx_word' id='word_1_179' title='bbox 869 2027 902 2079; x_wconf 89' lang='lat' dir='ltr'>et</span> <span class='ocrx_word' id='word_1_180' title='bbox 922 2013 1083 2079; x_wconf 70' lang='lat' dir='ltr'>abscondat</span> <span class='ocrx_word' id='word_1_181' title='bbox 1101 2018 1134 2079; x_wconf 89' lang='lat' dir='ltr'>ln</span> 
     </span>
     <span class='ocr_line' id='line_1_22' title="bbox 142 2100 1224 2188; baseline 0.002 -22"><span class='ocrx_word' id='word_1_182' title='bbox 142 2102 190 2167; x_wconf 88' lang='lat' dir='ltr'>die</span> <span class='ocrx_word' id='word_1_183' title='bbox 208 2103 294 2166; x_wconf 83' lang='lat' dir='ltr'>nrnlo.</span> <span class='ocrx_word' id='word_1_184' title='bbox 338 2101 501 2178; x_wconf 76' lang='lat' dir='ltr'>Vincite,</span> <span class='ocrx_word' id='word_1_185' title='bbox 526 2105 592 2184; x_wconf 89' lang='lat' dir='ltr'>quia</span> <span class='ocrx_word' id='word_1_186' title='bbox 611 2103 859 2186; x_wconf 83' lang='lat' dir='ltr'>theoaproteetio</span> <span class='ocrx_word' id='word_1_187' title='bbox 877 2105 941 2166; x_wconf 79' lang='lat' dir='ltr'>orti</span> <span class='ocrx_word' id='word_1_188' title='bbox 982 2100 1132 2181; x_wconf 63' lang='lat' dir='ltr'>pharetra,</span> <span class='ocrx_word' id='word_1_189' title='bbox 1222 2181 1224 2188; x_wconf 28' lang='grc' dir='ltr'>Ι</span> 
     </span>
     <span class='ocr_line' id='line_1_23' title="bbox 142 2189 1133 2274; baseline 0.001 -21"><span class='ocrx_word' id='word_1_190' title='bbox 142 2191 249 2274; x_wconf 82' lang='lat' dir='ltr'>iuquit,</span> <span class='ocrx_word' id='word_1_191' title='bbox 280 2208 345 2253; x_wconf 88' lang='lat' dir='ltr'>rnea</span> <span class='ocrx_word' id='word_1_192' title='bbox 375 2189 491 2272; x_wconf 80' lang='lat' dir='ltr'>protexi</span> <span class='ocrx_word' id='word_1_193' title='bbox 518 2191 631 2269; x_wconf 85' lang='lat' dir='ltr'>eunr.¹)</span> <span class='ocrx_word' id='word_1_194' title='bbox 674 2189 775 2253; x_wconf 79' lang='lat' dir='ltr'>Tbeoa</span> <span class='ocrx_word' id='word_1_195' title='bbox 800 2208 872 2272; x_wconf 74' lang='lat' dir='ltr'>ergo</span> <span class='ocrx_word' id='word_1_196' title='bbox 899 2201 1022 2253; x_wconf 77' lang='lat' dir='ltr'>tuaest</span> <span class='ocrx_word' id='word_1_197' title='bbox 1048 2189 1133 2268; x_wconf 69' lang='lat' dir='ltr'>lideer</span> 
     </span>
     <span class='ocr_line' id='line_1_24' title="bbox 142 2274 1134 2360; baseline -0.002 -20"><span class='ocrx_word' id='word_1_198' title='bbox 142 2279 229 2360; x_wconf 87' lang='lat' dir='ltr'>irnple</span> <span class='ocrx_word' id='word_1_199' title='bbox 247 2296 311 2340; x_wconf 89' lang='lat' dir='ltr'>earn</span> <span class='ocrx_word' id='word_1_200' title='bbox 329 2277 413 2338; x_wconf 88' lang='lat' dir='ltr'>lronia</span> <span class='ocrx_word' id='word_1_201' title='bbox 430 2277 565 2338; x_wconf 85' lang='lat' dir='ltr'>rirtutunr</span> <span class='ocrx_word' id='word_1_202' title='bbox 584 2288 696 2339; x_wconf 79' lang='lat' dir='ltr'>tuarum</span> <span class='ocrx_word' id='word_1_203' title='bbox 714 2274 867 2352; x_wconf 72' lang='lat' dir='ltr'>odoribus,</span> <span class='ocrx_word' id='word_1_204' title='bbox 889 2277 946 2340; x_wconf 88' lang='lat' dir='ltr'>boo</span> <span class='ocrx_word' id='word_1_205' title='bbox 963 2287 1024 2351; x_wconf 81' lang='lat' dir='ltr'>ent,</span> <span class='ocrx_word' id='word_1_206' title='bbox 1047 2279 1134 2340; x_wconf 79' lang='lat' dir='ltr'>curti·</span> 
     </span>
     <span class='ocr_line' id='line_1_25' title="bbox 142 2359 1133 2450; baseline -0.001 -24"><span class='ocrx_word' id='word_1_207' title='bbox 142 2368 225 2441; x_wconf 78' lang='lat' dir='ltr'>tatia,</span> <span class='ocrx_word' id='word_1_208' title='bbox 252 2359 471 2425; x_wconf 77' lang='lat' dir='ltr'>misericordiae</span> <span class='ocrx_word' id='word_1_209' title='bbox 494 2373 580 2444; x_wconf 84' lang='lat' dir='ltr'>atque</span> <span class='ocrx_word' id='word_1_210' title='bbox 603 2363 743 2439; x_wconf 70' lang='lat' dir='ltr'>iustitieep</span> <span class='ocrx_word' id='word_1_211' title='bbox 771 2374 802 2450; x_wconf 76' lang='lat' dir='ltr'>et</span> <span class='ocrx_word' id='word_1_212' title='bbox 827 2363 857 2425; x_wconf 91' lang='lat' dir='ltr'>in</span> <span class='ocrx_word' id='word_1_213' title='bbox 883 2363 947 2445; x_wconf 81' lang='lat' dir='ltr'>ipsa</span> <span class='ocrx_word' id='word_1_214' title='bbox 971 2363 1133 2444; x_wconf 86' lang='lat' dir='ltr'>penetrolia</span> 
     </span>
     <span class='ocr_line' id='line_1_26' title="bbox 142 2447 1133 2532; baseline -0.002 -19"><span class='ocrx_word' id='word_1_215' title='bbox 142 2449 212 2514; x_wconf 78' lang='lat' dir='ltr'>idei</span> <span class='ocrx_word' id='word_1_216' title='bbox 237 2450 317 2520; x_wconf 78' lang='lat' dir='ltr'>ruuvi</span> <span class='ocrx_word' id='word_1_217' title='bbox 342 2451 485 2511; x_wconf 79' lang='lat' dir='ltr'>laetorum</span> <span class='ocrx_word' id='word_1_218' title='bbox 516 2449 721 2530; x_wconf 73' lang='lat' dir='ltr'>praestantium</span> <span class='ocrx_word' id='word_1_219' title='bbox 744 2447 840 2532; x_wconf 76' lang='lat' dir='ltr'>¹odore</span> <span class='ocrx_word' id='word_1_220' title='bbox 866 2448 1031 2511; x_wconf 88' lang='lat' dir='ltr'>redolentiu</span> <span class='ocrx_word' id='word_1_221' title='bbox 1057 2459 1133 2511; x_wconf 84' lang='lat' dir='ltr'>totna</span> 
     </span>
     <span class='ocr_line' id='line_1_27' title="bbox 143 2532 1132 2618; baseline -0.002 -18"><span class='ocrx_word' id='word_1_222' title='bbox 143 2535 310 2618; x_wconf 75' lang='lat' dir='ltr'>ingredere.</span> <span class='ocrx_word' id='word_1_223' title='bbox 353 2534 397 2597; x_wconf 80' lang='lat' dir='ltr'>Ea</span> <span class='ocrx_word' id='word_1_224' title='bbox 415 2545 444 2598; x_wconf 90' lang='lat' dir='ltr'>te</span> <span class='ocrx_word' id='word_1_225' title='bbox 462 2537 597 2598; x_wconf 86' lang='lat' dir='ltr'>arnietnrn</span> <span class='ocrx_word' id='word_1_226' title='bbox 615 2532 673 2597; x_wconf 79' lang='lat' dir='ltr'>nde</span> <span class='ocrx_word' id='word_1_227' title='bbox 691 2536 785 2598; x_wconf 76' lang='lat' dir='ltr'>exitui</span> <span class='ocrx_word' id='word_1_228' title='bbox 801 2535 878 2598; x_wconf 85' lang='lat' dir='ltr'>vitae</span> <span class='ocrx_word' id='word_1_229' title='bbox 896 2534 980 2597; x_wconf 71' lang='lat' dir='ltr'>buius</span> <span class='ocrx_word' id='word_1_230' title='bbox 996 2535 1132 2610; x_wconf 80' lang='lat' dir='ltr'>inveniat,</span> 
     </span>
     <span class='ocr_line' id='line_1_28' title="bbox 143 2620 1132 2707; baseline -0.002 -21"><span class='ocrx_word' id='word_1_231' title='bbox 143 2634 176 2686; x_wconf 89' lang='lat' dir='ltr'>ut</span> <span class='ocrx_word' id='word_1_232' title='bbox 197 2624 393 2707; x_wconf 74' lang='lat' dir='ltr'>possintoseu</span> <span class='ocrx_word' id='word_1_233' title='bbox 409 2632 470 2690; x_wconf 76' lang='lat' dir='ltr'>tua,</span> <span class='ocrx_word' id='word_1_234' title='bbox 480 2623 672 2706; x_wconf 74' lang='lat' dir='ltr'>pinguereene</span> <span class='ocrx_word' id='word_1_235' title='bbox 691 2631 723 2684; x_wconf 91' lang='lat' dir='ltr'>et</span> <span class='ocrx_word' id='word_1_236' title='bbox 738 2623 798 2684; x_wconf 80' lang='lat' dir='ltr'>nint</span> <span class='ocrx_word' id='word_1_237' title='bbox 813 2622 889 2684; x_wconf 82' lang='lat' dir='ltr'>aient</span> <span class='ocrx_word' id='word_1_238' title='bbox 906 2620 1009 2683; x_wconf 85' lang='lat' dir='ltr'>bortnr</span> <span class='ocrx_word' id='word_1_239' title='bbox 1025 2621 1132 2696; x_wconf 83' lang='lat' dir='ltr'>ebrine,</span> 
     </span>
     <span class='ocr_line' id='line_1_29' title="bbox 143 2705 1133 2789; baseline -0.003 -16"><span class='ocrx_word' id='word_1_240' title='bbox 143 2711 224 2773; x_wconf 85' lang='lat' dir='ltr'>onina</span> <span class='ocrx_word' id='word_1_241' title='bbox 242 2710 301 2772; x_wconf 86' lang='lat' dir='ltr'>rito</span> <span class='ocrx_word' id='word_1_242' title='bbox 319 2711 428 2772; x_wconf 82' lang='lat' dir='ltr'>eerraira</span> <span class='ocrx_word' id='word_1_243' title='bbox 445 2710 628 2771; x_wconf 73' lang='lat' dir='ltr'>suscitantur.</span> <span class='ocrx_word' id='word_1_244' title='bbox 673 2705 826 2789; x_wconf 74' lang='lat' dir='ltr'>cognoroo</span> <span class='ocrx_word' id='word_1_245' title='bbox 845 2725 917 2788; x_wconf 75' lang='lat' dir='ltr'>ergo</span> <span class='ocrx_word' id='word_1_246' title='bbox 935 2705 1011 2768; x_wconf 89' lang='lat' dir='ltr'>diurn</span> <span class='ocrx_word' id='word_1_247' title='bbox 1033 2709 1133 2770; x_wconf 89' lang='lat' dir='ltr'>nrortia</span> 
     </span>
     <span class='ocr_line' id='line_1_30' title="bbox 143 2792 1133 2877; baseline -0.004 -17"><span class='ocrx_word' id='word_1_248' title='bbox 143 2807 224 2873; x_wconf 80' lang='lat' dir='ltr'>tune,</span> <span class='ocrx_word' id='word_1_249' title='bbox 248 2797 324 2858; x_wconf 80' lang='lat' dir='ltr'>nient</span> <span class='ocrx_word' id='word_1_250' title='bbox 347 2796 485 2877; x_wconf 71' lang='lat' dir='ltr'>coguovit</span> <span class='ocrx_word' id='word_1_251' title='bbox 502 2805 534 2857; x_wconf 88' lang='lat' dir='ltr'>et</span> <span class='ocrx_word' id='word_1_252' title='bbox 549 2792 667 2868; x_wconf 81' lang='lat' dir='ltr'>Panion,</span> <span class='ocrx_word' id='word_1_253' title='bbox 691 2796 738 2876; x_wconf 86' lang='lat' dir='ltr'>rpri</span> <span class='ocrx_word' id='word_1_254' title='bbox 760 2797 816 2856; x_wconf 83' lang='lat' dir='ltr'>aitr</span> <span class='ocrx_word' id='word_1_255' title='bbox 851 2792 1006 2857; x_wconf 84' lang='lat' dir='ltr'>Certamen</span> <span class='ocrx_word' id='word_1_256' title='bbox 1027 2793 1133 2856; x_wconf 89' lang='lat' dir='ltr'>borrunr</span> 
     </span>
     <span class='ocr_line' id='line_1_31' title="bbox 145 2877 1172 2964; baseline -0.003 -18"><span class='ocrx_word' id='word_1_257' title='bbox 145 2886 268 2958; x_wconf 77' lang='lat' dir='ltr'>certavi,</span> <span class='ocrx_word' id='word_1_258' title='bbox 288 2903 401 2945; x_wconf 81' lang='lat' dir='ltr'>enrnurn</span> <span class='ocrx_word' id='word_1_259' title='bbox 419 2883 625 2954; x_wconf 78' lang='lat' dir='ltr'>eonrnurrnavi,</span> <span class='ocrx_word' id='word_1_260' title='bbox 645 2878 730 2943; x_wconf 78' lang='lat' dir='ltr'>idern</span> <span class='ocrx_word' id='word_1_261' title='bbox 747 2882 875 2956; x_wconf 76' lang='lat' dir='ltr'>eerravi3</span> <span class='ocrx_word' id='word_1_262' title='bbox 898 2877 976 2963; x_wconf 74' lang='lat' dir='ltr'>qnod</span> <span class='ocrx_word' id='word_1_263' title='bbox 992 2881 1132 2964; x_wconf 81' lang='lat' dir='ltr'>reliqunrn</span> <span class='ocrx_word' id='word_1_264' title='bbox 1166 2941 1172 2954; x_wconf 81' lang='grc'>,</span> 
     </span>
     <span class='ocr_line' id='line_1_32' title="bbox 144 2965 1207 3054; baseline -0.004 -20"><span class='ocrx_word' id='word_1_265' title='bbox 144 2983 202 3048; x_wconf 83' lang='lat' dir='ltr'>est,</span> <span class='ocrx_word' id='word_1_266' title='bbox 220 2970 350 3054; x_wconf 87' lang='lat' dir='ltr'>reporita</span> <span class='ocrx_word' id='word_1_267' title='bbox 367 2980 413 3033; x_wconf 83' lang='lat' dir='ltr'>eet</span> <span class='ocrx_word' id='word_1_268' title='bbox 428 2968 498 3031; x_wconf 87' lang='lat' dir='ltr'>nribi</span> <span class='ocrx_word' id='word_1_269' title='bbox 515 2986 626 3031; x_wconf 89' lang='lat' dir='ltr'>eorona</span> <span class='ocrx_word' id='word_1_270' title='bbox 643 2967 817 3044; x_wconf 73' lang='lat' dir='ltr'>iustitiae.²)</span> <span class='ocrx_word' id='word_1_271' title='bbox 862 2965 983 3030; x_wconf 84' lang='lat' dir='ltr'>introvit</span> <span class='ocrx_word' id='word_1_272' title='bbox 999 2969 1089 3050; x_wconf 77' lang='lat' dir='ltr'>igitur</span> <span class='ocrx_word' id='word_1_273' title='bbox 1102 2969 1133 3030; x_wconf 90' lang='lat' dir='ltr'>in</span> <span class='ocrx_word' id='word_1_274' title='bbox 1203 2980 1207 2988; x_wconf 86' lang='grc'><strong>’</strong></span> 
     </span>
     <span class='ocr_line' id='line_1_33' title="bbox 144 3052 1240 3150; baseline -0.005 -30"><span class='ocrx_word' id='word_1_275' title='bbox 144 3059 258 3122; x_wconf 80' lang='lat' dir='ltr'>thecam</span> <span class='ocrx_word' id='word_1_276' title='bbox 284 3076 364 3120; x_wconf 84' lang='lat' dir='ltr'>ruern</span> <span class='ocrx_word' id='word_1_277' title='bbox 391 3056 472 3139; x_wconf 71' lang='lat' dir='ltr'>puni</span> <span class='ocrx_word' id='word_1_278' title='bbox 496 3053 590 3116; x_wconf 85' lang='lat' dir='ltr'>bonna</span> <span class='ocrx_word' id='word_1_279' title='bbox 614 3053 756 3137; x_wconf 77' lang='lat' dir='ltr'>phoenix,</span> <span class='ocrx_word' id='word_1_280' title='bbox 788 3073 871 3138; x_wconf 84' lang='lat' dir='ltr'>quan</span> <span class='ocrx_word' id='word_1_281' title='bbox 899 3052 979 3116; x_wconf 89' lang='lat' dir='ltr'>bono</span> <span class='ocrx_word' id='word_1_282' title='bbox 1010 3053 1133 3150; x_wconf 72' lang='lat' dir='ltr'>replerit</span> <span class='ocrx_word' id='word_1_283' title='bbox 1235 3111 1240 3122; x_wconf 85' lang='grc'><strong><em>,</em></strong></span> 
     </span>
     <span class='ocr_line' id='line_1_34' title="bbox 146 3131 1020 3226; baseline -0.006 -18"><span class='ocrx_word' id='word_1_284' title='bbox 146 3143 236 3208; x_wconf 85' lang='lat' dir='ltr'>odore</span> <span class='ocrx_word' id='word_1_285' title='bbox 249 3131 395 3226; x_wconf 78' lang='lat' dir='ltr'>inartyrii.</span> <span class='ocrx_word' id='word_1_286' title='bbox 795 3143 800 3168; x_wconf 85' lang='lat'><strong>¹</strong></span> <span class='ocrx_word' id='word_1_287' title='bbox 936 3205 939 3212; x_wconf 77' lang='grc'><em>,</em></span> <span class='ocrx_word' id='word_1_288' title='bbox 1014 3137 1020 3150; x_wconf 86' lang='grc'>’</span> 
     </span>
    </p>

    <p class='ocr_par' dir='ltr' id='par_1_5' title="bbox 143 3223 1131 3658">
     <span class='ocr_line' id='line_1_35' title="bbox 230 3223 1130 3308; baseline -0.002 -16"><span class='ocrx_word' id='word_1_289' title='bbox 230 3236 283 3300; x_wconf 80' lang='grc'>81.</span> <span class='ocrx_word' id='word_1_290' title='bbox 319 3225 511 3308; x_wconf 70' lang='lat' dir='ltr'>interrogabo</span> <span class='ocrx_word' id='word_1_291' title='bbox 537 3235 583 3302; x_wconf 80' lang='lat' dir='ltr'>te,</span> <span class='ocrx_word' id='word_1_292' title='bbox 609 3235 642 3288; x_wconf 90' lang='lat' dir='ltr'>tn</span> <span class='ocrx_word' id='word_1_293' title='bbox 663 3237 758 3289; x_wconf 88' lang='lat' dir='ltr'>autern</span> <span class='ocrx_word' id='word_1_294' title='bbox 780 3223 924 3308; x_wconf 78' lang='lat' dir='ltr'>responde</span> <span class='ocrx_word' id='word_1_295' title='bbox 946 3226 1030 3304; x_wconf 86' lang='lat' dir='ltr'>nnibi,</span> <span class='ocrx_word' id='word_1_296' title='bbox 1055 3223 1130 3290; x_wconf 84' lang='lat' dir='ltr'>unde</span> 
     </span>
     <span class='ocr_line' id='line_1_36' title="bbox 143 3310 1131 3394; baseline -0.004 -17"><span class='ocrx_word' id='word_1_297' title='bbox 143 3317 270 3380; x_wconf 81' lang='lat' dir='ltr'>rultnree</span> <span class='ocrx_word' id='word_1_298' title='bbox 288 3323 410 3378; x_wconf 87' lang='lat' dir='ltr'>rnortenr</span> <span class='ocrx_word' id='word_1_299' title='bbox 427 3313 571 3375; x_wconf 76' lang='lat' dir='ltr'>dominun</span> <span class='ocrx_word' id='word_1_300' title='bbox 584 3311 675 3393; x_wconf 75' lang='lat' dir='ltr'>aignia</span> <span class='ocrx_word' id='word_1_301' title='bbox 686 3310 855 3394; x_wconf 79' lang='lat' dir='ltr'>quibuednrn</span> <span class='ocrx_word' id='word_1_302' title='bbox 873 3313 1044 3376; x_wconf 77' lang='lat' dir='ltr'>muntiare</span> <span class='ocrx_word' id='word_1_303' title='bbox 1062 3331 1131 3375; x_wconf 87' lang='lat' dir='ltr'>eon·</span> 
     </span>
     <span class='ocr_line' id='line_1_37' title="bbox 145 3396 1130 3484; baseline -0.003 -20"><span class='ocrx_word' id='word_1_304' title='bbox 145 3403 304 3478; x_wconf 73' lang='lat' dir='ltr'>moverint,</span> <span class='ocrx_word' id='word_1_305' title='bbox 328 3421 385 3484; x_wconf 88' lang='lat' dir='ltr'>quo</span> <span class='ocrx_word' id='word_1_306' title='bbox 407 3397 516 3462; x_wconf 77' lang='lat' dir='ltr'>indicio</span> <span class='ocrx_word' id='word_1_307' title='bbox 539 3396 637 3461; x_wconf 77' lang='lat' dir='ltr'>elren</span> <span class='ocrx_word' id='word_1_308' title='bbox 659 3408 745 3479; x_wconf 82' lang='lat' dir='ltr'>utque</span> <span class='ocrx_word' id='word_1_309' title='bbox 767 3397 899 3460; x_wconf 79' lang='lat' dir='ltr'>inrtr&#39;uoti</span> <span class='ocrx_word' id='word_1_310' title='bbox 919 3399 992 3473; x_wconf 81' lang='lat' dir='ltr'>rint,</span> <span class='ocrx_word' id='word_1_311' title='bbox 1014 3408 1047 3461; x_wconf 88' lang='lat' dir='ltr'>ut</span> <span class='ocrx_word' id='word_1_312' title='bbox 1067 3417 1130 3462; x_wconf 88' lang='lat' dir='ltr'>eun</span> 
     </span>
     <span class='ocr_line' id='line_1_38' title="bbox 144 3481 1129 3569; baseline -0.002 -20"><span class='ocrx_word' id='word_1_313' title='bbox 144 3485 249 3552; x_wconf 87' lang='lat' dir='ltr'>bellurn</span> <span class='ocrx_word' id='word_1_314' title='bbox 280 3486 468 3569; x_wconf 76' lang='lat' dir='ltr'>lacrymabile</span> <span class='ocrx_word' id='word_1_315' title='bbox 494 3483 572 3549; x_wconf 87' lang='lat' dir='ltr'>inter</span> <span class='ocrx_word' id='word_1_316' title='bbox 595 3502 628 3547; x_wconf 86' lang='lat' dir='ltr'>re</span> <span class='ocrx_word' id='word_1_317' title='bbox 654 3481 794 3547; x_wconf 71' lang='lat' dir='ltr'>aduersae</span> <span class='ocrx_word' id='word_1_318' title='bbox 824 3483 905 3547; x_wconf 84' lang='lat' dir='ltr'>euleu</span> <span class='ocrx_word' id='word_1_319' title='bbox 935 3483 1129 3559; x_wconf 79' lang='lat' dir='ltr'>inenunnt‚³)</span> 
     </span>
     <span class='ocr_line' id='line_1_39' title="bbox 145 3563 1130 3658; baseline -0.005 -22"><span class='ocrx_word' id='word_1_320' title='bbox 145 3575 232 3637; x_wconf 85' lang='lat' dir='ltr'>multo</span> <span class='ocrx_word' id='word_1_321' title='bbox 254 3563 580 3658; x_wconf 77' lang='lat' dir='ltr'>praedictae&#39;rolnorea</span> <span class='ocrx_word' id='word_1_322' title='bbox 599 3579 757 3654; x_wconf 78' lang='lat' dir='ltr'>uquntur</span> <span class='ocrx_word' id='word_1_323' title='bbox 776 3571 890 3653; x_wconf 70' lang='lat' dir='ltr'>aguirre</span> <span class='ocrx_word' id='word_1_324' title='bbox 912 3579 944 3633; x_wconf 89' lang='lat' dir='ltr'>et</span> <span class='ocrx_word' id='word_1_325' title='bbox 964 3589 1002 3635; x_wconf 88' lang='lat' dir='ltr'>oo</span> <span class='ocrx_word' id='word_1_326' title='bbox 1022 3567 1130 3656; x_wconf 67' lang='lat' dir='ltr'>eignii·</span> 
     </span>
    </p>
   </div>
   <div class='ocr_carea' id='block_1_4' title="bbox 145 3731 1127 3902">
    <p class='ocr_par' dir='ltr' id='par_1_6' title="bbox 145 3731 1127 3902">
     <span class='ocr_line' id='line_1_40' title="bbox 145 3731 1127 3902; baseline -0.014 -60"><span class='ocrx_word' id='word_1_327' title='bbox 145 3783 393 3902; x_wconf 42' lang='lat' dir='ltr'>„helhum</span> <span class='ocrx_word' id='word_1_328' title='bbox 463 3731 709 3849; x_wconf 60' lang='lat' dir='ltr'>enumera</span> <span class='ocrx_word' id='word_1_329' title='bbox 777 3757 1127 3846; x_wconf 58' lang='lat' dir='ltr'>»erumperunt-&#39;u-</span> 
     </span>
    </p>
   </div>
   <div class='ocr_carea' id='block_1_5' title="bbox 0 0 1374 4394">
    <p class='ocr_par' dir='ltr' id='par_1_7' title="bbox 0 0 1374 4394">
     <span class='ocr_line' id='line_1_41' title="bbox 0 0 1374 4394; baseline 0 0"><span class='ocrx_word' id='word_1_330' title='bbox 0 0 1374 4394; x_wconf 95' lang='lat' dir='ltr'> </span> 
     </span>
    </p>
   </div>
  </div>
 </body>
</html>
