2736 4394
347 233 633 288 unxerunoors.
665 235 784 289 urens
802 237 836 289 v.
1009 234 1089 296 12³

96 371 226 441 aetherei
242 370 320 436 illius
337 373 470 456 eorporis
487 373 574 435 etiarn
590 375 646 436 iste
662 392 730 450 aer,
748 392 833 457 quens
848 393 998 459 possumus
1015 395 1088 440 oon·

95 465 131 527 lis
148 458 409 543 comprehendere,
432 461 514 543 quast
536 461 664 524 erusior
683 471 716 524 et
736 459 855 525 densior
869 463 963 526 vioeuu
979 464 1088 528 haheat
1195 471 1199 477 “

95 545 274 700 amida&
267 631 353 698 Nune
372 632 438 716 quis
453 579 597 708 diximus,⁴
615 651 690 718 quoe
707 634 838 697 volatilia
854 653 939 716 quau
956 645 1086 698 murana

94 721 221 786 istem
237 731 269 784 et
285 721 422 802 gratiana,
441 729 472 781 et
488 739 525 782 ea
541 740 637 804 panes
652 720 690 783 de
708 721 819 783 nultisr
837 753 883 768 -
899 739 992 804 seque
1009 723 1086 784 enirn

94 817 179 870 saort
200 807 334 869 univorsa
351 803 534 880 describere,
558 826 623 868 eoru
644 809 703 868 siut
722 806 827 868 similit
849 817 935 888 utque
957 806 1086 870 eiusdem

95 893 225 976 penorisq
242 926 287 942 —
307 903 404 954 tanen
425 909 495 955 aves
517 893 612 973 ipsae,
635 912 719 976 ψη
739 893 818 955 inter
838 911 871 954 ae
888 891 1087 955 diversitatem

94 979 229 1052 labeant,
247 977 475 1042 considemus
510 977 673 1041 invenimus
690 981 766 1042 enirn
784 979 911 1043 cornicis
928 974 1019 1062 pedes
1033 997 1089 1042 rr·

94 1066 136 1131 lut
160 1063 327 1148 quibusdem
354 1063 453 1148 digitio
480 1061 652 1128 distantibus
677 1077 828 1148 separatos
852 1075 940 1148 atquo
967 1063 1087 1138 diuisos,

94 1170 245 1216 corvorum
267 1169 381 1234 quoque
406 1161 493 1234 utque
518 1152 661 1234 pullorum
687 1152 810 1228 uliter¹l
837 1149 924 1214 etiam
945 1151 1088 1214 iornsatos

93 1247 239 1301 aratura
269 1235 374 1319 pedesq
408 1239 517 1312 avium
553 1256 627 1319 quae
662 1256 752 1301 earne
784 1248 955 1312 vescuntur,
977 1235 1087 1300 serni·

93 1343 154 1386 uuus
180 1324 262 1404 qnasi
287 1325 422 1386 iuruwos
447 1335 535 1404 atquo
560 1325 690 1386 sinum
720 1343 756 1385 nr
780 1325 861 1388 velut
885 1321 923 1384 nd
949 1321 1088 1405 prsedsnr

93 1417 221 1491 puratos.
265 1405 328 1470 lise
344 1427 432 1484 vero,
455 1427 530 1492 quae
546 1407 666 1471 muudi
687 1408 796 1472 labent
815 1429 897 1471 muns
914 1419 947 1471 ot
964 1425 1090 1476 coneur-

92 1493 235 1570 tudinem,
267 1492 342 1556 istor
372 1493 482 1556 halent
507 1491 598 1576 pedes
623 1505 656 1557 et
681 1494 847 1558 suerubranu
873 1491 994 1575 quadrus
1020 1495 1088 1557 illos

80 1577 201 1660 digitos
232 1577 350 1662 pedum·
366 1579 423 1642 stet
442 1581 605 1662 oopnlstos
630 1591 717 1662 atqm
745 1581 925 1643 coniunctos.
970 1579 1004 1642 ls
1029 1599 1087 1662 qno

92 1663 269 1729 admirabilis
286 1675 369 1748 patet
385 1666 461 1728 ratio
480 1677 612 1741 naturae,
629 1675 662 1728 nt
677 1677 711 1729 et
728 1665 797 1730 illae
814 1664 852 1729 ad
869 1663 1022 1728 volendum
1038 1664 1088 1728 vel

93 1751 130 1816 ad
156 1750 327 1836 rapiendum
353 1753 448 1826 ru'luuun
474 1771 527 1816 usu
553 1751 742 1816 soronuodo
763 1753 934 1826 fulciantur,
960 1762 993 1814 et
1013 1753 1088 1816 istse

93 1835 130 1902 sd
156 1837 313 1902 ostendunt
335 1837 501 1902 adiumenta
521 1839 650 1902 debeant
671 1839 880 1921 competentis,
907 1858 964 1922 quo
987 1837 1089 1902 melios

92 1925 173 2006 aquis
198 1927 310 2008 possint
334 1933 538 2008 supernatare,
569 1935 602 1986 et
628 1926 709 2006 quast
738 1927 826 1986 renis
851 1921 1018 2006 quibudam
1044 1927 1088 1988 ita

91 2009 213 2093 pedibus
231 2011 304 2085 suis,
327 2011 511 2074 membraneo
527 2011 606 2074 illius
624 2012 795 2073 ostensione
812 2010 978 2087 letior-ibus,
996 2028 1087 2094 aqna·

92 2115 155 2159 runs
172 2098 280 2158 llueuta
297 2097 474 2179 propulsent.
875 2133 877 2136 ·

177 2188 231 2249 'ili-
268 2182 386 2265 cygnus
408 2201 522 2267 quoquo
544 2200 598 2245 our
620 2182 793 2264 proceriore
816 2183 893 2246 rollo
915 2193 1027 2258 utum,
1052 2186 1088 2248 in

92 2279 206 2353 promtu
224 2280 280 2344 est,
299 2279 331 2330 ot
347 2271 416 2351 quis
433 2281 479 2350 eqt
495 2268 638 2353 paululum
653 2271 773 2350 segnior
785 2289 910 2352 corpore
929 2289 984 2332 neo
997 2271 1087 2336 lorile

91 2363 190 2438 potest
211 2373 348 2438 aquarum
370 2355 510 2418 interiora
530 2364 702 2438 penetrare,
724 2357 868 2420 oerrioeru
887 2353 1027 2420 “undat
1044 2355 1086 2422 ad

92 2437 244 2523 praedans,
268 2458 341 2524 quse
359 2441 440 2525 quari
457 2443 576 2524 praevie
593 2442 697 2524 reliqui
715 2441 848 2523 eorporis
866 2462 977 2518 eretur,
1000 2462 1086 2525 quaua

92 2527 249 2601 invenerit,
275 2527 371 2609 rapiet
391 2533 584 2610 atquo'rrurt
605 2546 623 2591 o
644 2527 799 2609 profundo.
842 2526 927 2592 Addo
951 2539 982 2592 et
1002 2529 1085 2605 tund,

94 2613 159 2694 quia
181 2614 298 2675 suavior
318 2623 350 2675 ot
369 2617 462 2694 tnagis
484 2633 608 2676 canorus
634 2633 688 2695 prr
709 2633 834 2696 procera
856 2613 986 2677 modulus
1008 2616 1086 2678 oolla

93 2697 277 2778 distinguitur
298 2709 330 2762 et
351 2699 483 2780 longiore
501 2700 712 2762 exercitatione
730 2701 831 2782 purior
848 2698 935 2780 longe
952 2700 1084 2763 resultat.

176 2789 230 2852 76.
267 2781 356 2859 Quam
370 2782 463 2847 duleis
481 2785 567 2846 etiarn
585 2786 614 2846 iu
631 2785 738 2864 exiguo
754 2782 863 2854 ciendis,
881 2795 998 2866 gutture
1014 2803 1086 2848 raa·

93 2870 196 2946 tileua,
215 2889 333 2952 quarum
351 2871 483 2932 rantibus
500 2868 597 2932 usedio
615 2881 698 2932 resto
715 2870 833 2932 arbusta
849 2881 1027 2953 rumpuntur,
1045 2889 1084 2938 oo

95 2953 170 3037 quod
195 2957 288 3036 turpis
314 2975 441 3019 canorae
467 2954 633 3018 ureridiauis
659 2955 819 3031 ealon-ibus,
850 2974 908 3037 quo
937 2955 1084 3038 purioretn
1187 2989 1192 2998 ·

94 3059 191 3104 nerem
216 3039 247 3102 id
274 3043 413 3122 temporis
438 3043 587 3104 attrahunt
611 3042 727 3124 spiritu,
755 3061 792 3104 eo
819 3051 921 3104 tantm
945 3051 1085 3104 munaus

94 3127 244 3190 olor-iores.
279 3124 345 3190 Ner
363 3147 434 3210 apes
451 3129 531 3209 ipsae
549 3130 666 3191 iuruave
685 3124 818 3210 quiddam
837 3137 956 3203 eonnnt3
974 3125 1086 3190 lenient

94 3214 168 3274 eninr
191 3221 302 3294 gratam
324 3215 354 3276 in
376 3233 466 3276 rsooo
488 3213 540 3276 illo
555 3215 638 3277 voris
655 3233 725 3276 snae
744 3232 886 3277 memore
903 3216 1083 3288 multatrus,

94 3316 177 3378 quanr
203 3317 257 3360 nos
282 3299 377 3361 iraoto
403 3299 535 3361 tubanus
560 3299 656 3380 sonitu
681 3301 787 3361 lentius
810 3303 932 3382 priuuors
952 3296 1086 3362 ridemur

94 3383 213 3457 imitari,
237 3403 293 3466 quo
311 3385 426 3468 eropitn
444 3383 481 3446 ad
499 3381 669 3447 excitandos
686 3385 797 3447 animos
819 3388 848 3448 in
864 3387 996 3466 vigorem
1012 3384 1084 3448 nihil

93 3468 187 3548 aptior
208 3470 384 3533 aestimatur.
428 3470 567 3533 litiano
593 3470 651 3533 illus
676 3471 772 3552 gratia
792 3483 903 3546 menet,
930 3489 994 3534 run
1019 3468 1085 3553 pnl-

94 3571 206 3615 usouous
223 3555 443 3640 respirandique
460 3575 561 3620 nouus
577 3567 663 3638 atque
680 3567 762 3620 osan
779 3575 956 3641 nequaquan
973 3555 1083 3620 habers
1186 3616 1195 3631 .

94 3635 267 3720 prodantur,
284 3640 338 3705 sed
355 3643 437 3706 serio
454 3645 535 3707 sosoi
552 3643 718 3728 spiramine.
760 3641 892 3727 Denique
908 3643 1016 3728 siquis
1031 3661 1084 3708 ω

98 3763 313 3786 1—-

131 3829 135 3842 '
161 3824 191 3893 ¹)
207 3829 288 3886 codd.
301 3833 384 3898 um
401 3833 434 3886 sd
450 3833 529 3886 lites
546 3835 681 3888 tornatos.

297 3919 311 3956 s
