2798 4404
216 344 267 398 ur
293 342 463 396 orrrcrrs
487 343 778 408 ιιιιιιιιιοιυιι,
805 341 921 394 erere
943 343 984 395 ιι·
1012 338 1087 400 ιιι

44 445 46 450 ¹
103 485 236 567 resupina
253 479 419 561 moganum
435 479 482 542 rel
499 483 618 543 remissa
635 481 813 563 negligentia
830 481 982 562 sitneque
995 481 1087 562 turpis

102 570 247 634 affectatio
273 575 304 629 et
329 563 468 628 indecora
492 567 620 630 ambitio.
668 565 715 632 At
738 567 832 629 omnis
853 563 980 628 abundat
998 565 1117 630 animi.
1200 565 1204 576 '

102 655 213 719 directa
230 651 398 734 simplicius
415 654 542 735 satisque
557 673 590 716 se
607 655 670 736 ipsa
688 650 879 715 commendet.
932 671 935 718 3
1053 709 1055 714 .

187 744 257 804 120.
293 737 325 798 ln
351 737 415 819 ipso
440 755 512 800 reru
543 758 660 800 munere
691 757 784 820 neque
810 737 997 802 severitatem¹
1019 754 1085 799 esse
1117 809 1125 820 ἱ

100 823 197 886 doram
220 823 356 884 convenit
376 841 431 885 uec
452 824 566 885 nimiam
588 823 800 896 remissionem,
826 842 864 886 ne
885 833 936 884 aut
955 832 1085 904 potesta·

99 921 155 1054 tep
181 927 323 970 exercere
348 917 399 969 aut
424 921 586 992 susceptum
612 907 734 970 officium
760 927 937 992 remquam
962 907 1083 990 implere

97 996 253 1056 rieamur.
875 1027 879 1038 ·
924 1029 926 1036 ι

183 1085 254 1145 itt.
289 1077 461 1142 Enitendum
483 1097 611 1163 quoque,
637 1089 670 1141 ut
694 1077 844 1141 benefieiis
868 1089 954 1160 atque
980 1076 1082 1141 officiis

97 1165 255 1246 obligemus
271 1165 408 1246 plurimos
423 1176 454 1230 et
467 1165 601 1228 collatum
618 1183 798 1227 reseruemus
814 1165 946 1244 gratiam,
964 1182 1001 1226 ne
1017 1165 1098 1226 iure-
1173 1157 1179 1173 '

94 1250 228 1313 beneficii
251 1251 321 1312 bant
341 1251 537 1324 immemores,
563 1251 612 1333 qui
637 1270 670 1313 se
696 1249 826 1331 pariter
851 1249 946 1311 laesos
972 1247 1081 1313 dolent.

95 1333 189 1418 Saepe
211 1337 286 1399 enim
309 1339 477 1412 usuvenit,
504 1347 536 1399 ut
561 1355 633 1418 quos
659 1337 753 1417 gratia
779 1334 895 1396 loceris
911 1333 959 1398 rel
973 1334 1080 1416 -aliquo

93 1422 242 1504 superiore
265 1423 455 1486 cumulaveris
476 1421 582 1504 gradu,
609 1433 738 1497 arertns,
764 1421 801 1483 si.
816 1418 934 1501 indigue
955 1421 1079 1501 aliquem
1096 1417 1101 1465 ἵ

92 1509 136 1570 eis
160 1507 393 1590 praeponendum
420 1507 541 1571 iudices.
586 1505 646 1572 Sed
669 1518 701 1570 et
720 1503 903 1570 sacerdotem
929 1505 1081 1569 beneficiis

90 1594 149 1656 anis
169 1594 216 1656 rel
240 1591 354 1657 iudiciis
374 1595 473 1657 lavere
500 1596 649 1668 convenit,
675 1601 720 1656 ιιιΙ
733 1594 907 1674 aequitatem
925 1590 1080 1666 custodiat,

90 1688 123 1741 et
136 1679 311 1763 presbytero
326 1679 374 1742 sel
387 1681 522 1742 ministro
541 1678 658 1742 delerre
675 1690 707 1741 ιιι
723 1680 847 1761 parenti.

178 1769 250 1830 ¹22
284 1763 387 1847 Neque
405 1765 473 1841 bos,
492 1767 559 1847 quia
576 1765 665 1828 semel
682 1765 796 1848 probati
814 1774 888 1838 suut,
907 1773 1078 1844 arrogantes

89 1867 154 1913 csse
172 1860 302 1932 oportet,
323 1849 376 1914 sel
394 1853 485 1934 magis
502 1863 644 1936 tanquan
666 1869 809 1915 memores
830 1851 943 1933 gratiae
965 1849 1079 1912 bumili-

89 1946 176 1999 tatem
195 1939 333 2013 tenere¹)
356 1955 450 2020 neque
469 1936 577 2001 offendi
593 1936 792 2014 sacerdotem,
813 1939 840 1999 si
857 1946 907 1998 aut
923 1936 1078 2019 presbyten

88 2032 139 2083 aot
163 2023 293 2085 minister
317 2034 369 2084 aut
389 2025 535 2107 quisquam
558 2021 595 2086 de
620 2025 701 2087 clere
727 2034 778 2086 aut
802 2019 1002 2086 misericordia
1027 2031 1078 2084 aut

87 2108 194 2171 ieiunio
216 2118 266 2170 aut
286 2109 454 2190 integritate
476 2121 526 2172 aut
542 2108 675 2172 doctrina
692 2120 725 2173 et
741 2111 870 2173 lectione
887 2108 1077 2171 existimatio-

87 2214 152 2257 nem
173 2195 336 2258 recumules
357 2217 445 2258 mem.
491 2195 593 2258 Gratia
609 2196 685 2258 euim
703 2196 849 2259 ecclesiae
866 2195 928 2256 laus
945 2192 1075 2258 doctoris

86 2291 140 2343 est.
184 2279 309 2355 Beuum,
331 2301 404 2365 opes
420 2282 542 2345 alieuius
559 2280 737 2364 preciieari,
760 2283 802 2343 ita
820 2290 929 2355 tamen,
950 2281 977 2344 si
993 2281 1074 2343 nullo

86 2363 181 2428 studio
200 2365 250 2428 bat
267 2367 434 2430 iactantiae.
478 2365 612 2430 Laudent
628 2369 705 2431 euim
726 2385 952 2451 unumquemque
974 2366 1075 2450 proxi}
1161 2373 1170 2390 ⁸

85 2470 196 2556 morum
218 2450 294 2514 labia
315 2461 347 2514 et
367 2473 425 2514 non
448 2471 482 2516 os
503 2473 584 2516 sunm
606 2463 638 2517 et
659 2451 862 2516 commendent
882 2469 986 2534 opera,
1012 2471 1072 2514 nou

84 2535 258 2688 mulli?
279 2619 432 2684 Caeterum
446 2624 471 2685 si
485 2624 548 2706 quis
561 2643 619 2685 nos
632 2622 751 2686 obediat
763 2623 912 2706 episcope,
926 2621 1070 2685 extollere

83 2715 169 2790 atque
192 2707 322 2771 exaltare
344 2727 409 2771 rese
431 2707 593 2785 desideret,
621 2709 794 2772 obumbrare
815 2709 918 2771 merita
939 2709 1071 2790 episcopi

83 2792 214 2854 simulata
235 2793 423 2858 all'ectatiene
444 2794 596 2858 doctrinae
621 2805 672 2856 aut
697 2795 864 2856 humilitatis
884 2803 936 2855 aut
957 2795 1071 2856 miseri·

84 2876 218 2941 cordiae:
244 2880 269 2940 la
290 2897 401 2942 avere
423 2878 523 2943 devius
548 2879 691 2962 superbit,
719 2880 851 2962 quoniam
876 2879 1007 2942 veritstb
1032 2899 1070 2943 ea
1188 2935 1192 2944 .

83 2974 128 3025 est
148 2964 264 3046 regula,
286 2975 319 3027 ut
339 2965 409 3028 nibil
430 2965 560 3044 iscioa²)
583 2963 801 3029 commendandi
822 2966 864 3027 tui
886 2985 988 3040 cause,
1010 2985 1067 3047 quo

82 3051 176 3112 minor
195 3051 269 3113 alios
290 3051 354 3126 liat,
377 3071 470 3134 neque
492 3053 519 3114 si
541 3051 608 3134 quii
630 3052 699 3114 boni
720 3051 843 3128 babeas,
865 3050 896 3114 tt
912 3050 949 3114 at
967 3049 1068 3115 alcior·

82 3138 235 3199 mationem
252 3137 371 3199 alteriue
388 3149 419 3200 ot
435 3139 675 3221 vituperationem
692 3157 842 3200 exerceas
1027 3167 1030 3174 ·

168 3229 239 3290 121.
274 3221 321 3285 Νι
339 3221 477 3286 deicolae
498 3223 657 3306 improbum
675 3233 707 3286 et
726 3234 828 3286 saneta
849 3221 968 3305 indigno
986 3242 1067 3286 corn·

81 3306 219 3371 mittenda
234 3309 385 3372 arbitreris
403 3329 496 3392 neque
514 3311 618 3373 iterum
635 3328 740 3391 urgeas
757 3320 789 3374 et
804 3311 964 3392 impugnes,
982 3310 1063 3373 cuius

82 3393 189 3457 crimen
205 3415 263 3457 uon
280 3394 518 3478 deprehenderis.
557 3395 714 3459 Nemeum
729 3396 760 3458 iu
778 3395 908 3457 omuibus
925 3395 1064 3457 iniustitia
1197 3425 1203 3436 ·

82 3478 139 3539 cito
156 3479 299 3556 ell'endat,
322 3491 380 3544 tum
398 3483 519 3545 marium
537 3483 567 3545 in
584 3482 725 3584 ecclesia,
742 3479 791 3543 ubi
807 3480 980 3564 aequitatem
997 3498 1063 3543 esse

84 3585 296 3606 m

147 3649 175 3712 ι)
192 3651 272 3703 uetat
285 3642 399 3702 ιιοιιοιι.
412 3663 449 3704 sa
464 3665 566 3717 mea,
583 3657 615 3705 na
626 3653 731 3705 vttetm
742 3651 886 3704 οιιικηιι
898 3652 989 3704 rama:
1005 3664 1063 3702 aa·

80 3729 137 3776 cas
157 3717 213 3769 bos
230 3743 264 3756 -
281 3726 402 3771 tsusrs.
480 3722 509 3788 1)
527 3721 589 3774 col.
606 3722 708 3774 τιιιι.
725 3735 767 3786 sp·
784 3720 928 3773 Βιιιιιιιι.
945 3724 973 3770 ιι
990 3719 1063 3770 auc.

79 3783 204 3837 tractore:
224 3793 253 3837 at
271 3789 336 3838 nlbll
353 3787 420 3840 inei
437 3791 632 3841 eommsuisuil
648 3790 689 3842 tul
706 3803 799 3852 ιιιιιι
816 3801 852 3840 ex
869 3787 1061 3852 quinctius,

78 3851 642 3978 coercente-:numus
659 3857 727 3922 «ι’
737 3871 791 3942 ¹⁰·
903 3855 1059 3918 Μ·-

270 3943 272 3950 ’
512 3940 529 3977 ι
