2768 4412
292 220 579 277 HEXAEMEBON.
611 222 795 276 UBERHI.
981 223 1037 285 45
1171 271 1175 280 ,
1277 235 1284 244 ·
1356 235 1357 242 1

58 371 133 436 pm
149 381 282 448 uquarum
299 359 387 421 iniere
404 370 543 432 naturum,
561 359 760 436 utlaioeretur,
777 363 933 426 utducret.
968 361 1053 430 Non:
1175 375 1182 394 ¹

58 458 133 520 enim
150 471 187 514 ex
202 467 254 512 nou
275 444 331 506 doe
353 443 441 507 habet
458 455 637 507 caeterorum
655 446 874 523 elementorum,
896 446 949 512 aed
971 469 1038 534 rpe-
1062 459 1065 468 '

59 541 132 606 ciale
154 547 186 598 et
205 532 364 618 proprium
391 550 449 591 non
470 549 509 592 ex
529 528 650 613 quodam
673 531 790 605 ordine,
813 531 865 595 eod
887 537 979 615 magia
999 555 1039 600 ex

56 627 201 690 roiuntate
228 628 259 680 et
284 617 453 699 operatione
478 614 534 678 Dei
559 619 668 680 oomni.
713 615 788 692 Quid
813 619 929 681 iusserit
949 617 1038 698 Dona,

57 708 182 774 audiunt.
216 702 284 765 Vox
299 712 394 764 antem
408 701 463 764 Dei
481 701 607 786 efficiere
624 712 744 764 namrae
762 713 816 764 ert.
851 701 1038 768 Eomvocern
1085 770 1092 786 ,

59 796 176 860 effectur
194 787 370 873 operationi·
392 787 527 870 implerit
572 787 677 868 Coepit
694 787 751 849 inii
768 807 843 869 aqua
860 801 891 852 et
907 790 936 851 in
954 809 1053 855 unam.
1127 787 1134 796 ’

60 881 201 944 confluere
219 873 490 954 congregationem,
512 892 587 955 quoe
609 883 675 935 unte
698 882 764 936 erat
781 872 883 935 diiiura
903 895 958 958 per
978 886 1054 946 ter·.

58 985 105 1030 rae
125 974 157 1026 et
176 961 303 1045 piurimir
324 959 515 1042 receptaculis
537 958 715 1022 inhaerebat.
755 958 874 1023 Currum
892 961 954 1024 eiua
971 971 1054 1026 ante,

58 1072 115 1114 non
135 1049 208 1129 legi,
234 1055 339 1106 motum
366 1046 428 1106 eine
453 1054 605 1106 ante-non
631 1041 734 1120 didicip
761 1065 816 1108 nee
837 1048 938 1109 ocuiur
959 1067 1054 1116 mena.

57 1135 129 1201 mdia
144 1153 198 1196 noo
215 1133 293 1194 auria
309 1128 426 1194 audivit.
471 1127 574 1192 Stabat
590 1150 664 1213 aqua
680 1130 802 1193 diversio
819 1125 911 1208 ioeiap'
928 1131 965 1195 ad
986 1154 1056 1203 ro·.

60 1243 121 1286 ceno
137 1221 285 1298 Deilmota
303 1226 357 1278 eet.
401 1214 505 1279 Nonne
522 1215 650 1292 videtur,
668 1219 734 1301 guia
751 1228 880 1280 naturam
898 1219 926 1281 ei
943 1219 1049 1282 ὴιιὶιιι·Ι

59 1307 134 1373 modi
154 1325 212 1369 vox
232 1302 288 1366 Dei
309 1302 400 1365 iecitt
441 1298 550 1364 Secuta
572 1313 617 1364 ent
638 1314 773 1365 crentura
798 1301 984 1388 praecipuum
1009 1315 1041 1369 et
1101 1363 1103 1369 .
1195 1273 1204 1288 ⁸⁵

59 1414 137 1458 neuun
153 1392 224 1454 iecit
240 1409 279 1452 ex
295 1389 371 1469 lege.
407 1387 519 1451 Prinne
533 1388 609 1450 enim
626 1391 838 1452 constitutionia
856 1391 904 1454 dex
920 1390 1054 1455 formem.

59 1483 251 1562 inposterum
274 1473 437 1560 dereliquit.
480 1473 611 1557 Denique
633 1476 721 1538 remei
745 1473 821 1537 diem
843 1476 915 1539 iecit
936 1489 968 1540 et
987 1497 1051 1540 no-.

60 1576 147 1640 ctem3
165 1583 204 1625 ex
220 1563 270 1624 iiio
284 1571 380 1622 manet
395 1561 542 1643 utriunque
556 1559 689 1622 diuturna
702 1564 850 1624 eueeeeeio
863 1573 894 1625 et
907 1562 1041 1626 diuturnn

60 1649 211 1734 reparatio.
247 1643 327 1708 luera
341 1655 386 1708 eet
403 1646 488 1708 etiam
505 1663 580 1727 apua
594 1664 711 1728 currere
726 1648 755 1709 in
769 1651 1039 1730 congregationem

60 1757 97 1800 er
117 1736 167 1798 iiio
189 1733 294 1808 nutriit,
316 1732 412 1794 ionteo
434 1730 568 1794 induntur
588 1732 617 1794 in
639 1733 755 1808 duvios,
777 1734 807 1796 in
824 1735 900 1797 irota
923 1741 1057 1801 enrrnnt'

59 1821 185 1896 domino,
208 1820 287 1883 iecur
304 1815 470 1882 derivantur
486 1819 516 1882 in
533 1818 637 1895 maria,
660 1819 723 1903 ipra
740 1836 772 1882 ee
789 1813 863 1903 aqua
879 1818 1042 1905 praeeedit,

59 1920 142 1992 urget
159 1918 190 1971 et
205 1907 343 1990 requitur.
380 1903 458 1968 Unue
474 1915 521 1968 ert
537 1903 649 1981 duetna,
668 1925 753 1969 unum
770 1925 885 1989 corpur.
920 1905 1043 1972 Etcum

59 1998 96 2058 rit
111 1992 231 2057 altitudo
250 1991 377 2066 diversa,
399 1989 555 2055 indisereta
574 2003 669 2055 tamen
686 1989 766 2054 dorri
787 1992 851 2056 eiua
871 1993 1054 2078 aequaliter..

60 2079 139 2145 Unde
158 2093 189 2145 ct
202 2100 315 2164 ¹aequor
330 2079 504 2164 appeliatum
525 2077 666 2156 arbitror,
690 2075 767 2162 quod
787 2080 956 2164 ruperfieiea
979 2083 1041 2148 eina
1117 2135 1124 2142 .

60 2188 94 2234 ae
113 2169 184 2232 uuiia
201 2170 248 2232 eit.
557 2197 562 2206 ·
885 2202 891 2213 ·
951 2191 957 2202 ·
1050 2225 1055 2236 .

95 2189 113 2252 q
142 2261 172 2324 9.
207 2254 352 2338 Respondi
374 2251 530 2334 secundom
551 2253 665 2317 illorum
686 2255 878 2338 propositum
901 2257 944 2320 ilii
964 2275 1041 2320 none

60 2343 250 2425 respondeant
271 2341 353 2416 mihi,
376 2342 400 2403 ri
419 2360 567 2423 onmpnan
583 2339 710 2404 viderint
726 2343 824 2404 iontm
840 2361 880 2407 ex
895 2343 1042 2406 inferiori·

60 2429 109 2492 bue
133 2428 290 2502 scaturire,
321 2427 358 2490 de
388 2429 552 2510 pavimento
577 2446 679 2510 aquom
706 2449 837 2510 turgere.
882 2427 952 2506 Quin
977 2449 1042 2492 eam
1121 2475 1125 2484 .
1225 2455 1228 2462 ·

40 2517 155 2597 ‚cogiti
205 2513 288 2577 Unde
311 2515 505 2597 prorumpit?
555 2510 797 2589 Quemadmodum
832 2535 890 2576 non
924 2512 1053 2598 denotet,

62 2598 206 2676 Quomodo
233 2600 278 2674 fit,
308 2611 341 2662 ut
365 2600 423 2662 ima
448 2599 502 2660 eoii
529 2601 619 2675 ora¹)
649 2597 754 2662 ondam
783 2603 919 2662 vomant?
961 2599 1041 2668 Haeo

60 2685 211 2749 secundum
233 2681 372 2749 ocenitae¹
388 2696 504 2747 mereto
525 2697 654 2748 naturae.
699 2685 852 2749 Caeterum
875 2687 937 2769 quia
958 2687 1043 2768 igno·

61 2769 117 2849 rat,
139 2769 216 2856 qnod
232 2771 334 2855 rapido
352 2772 518 2854 plerumque
539 2773 646 2855 impetn
670 2771 700 2831 in
722 2773 779 2832 ima
796 2769 989 2848 demendae,
1012 2773 1043 2836 in
1155 2785 1157 2789 “

61 2859 208 2940 superiora
228 2877 261 2921 oe
283 2857 415 2946 anbrigat
435 2869 521 2940 atque
543 2859 572 2920 in
589 2857 774 2939 anpereilinnn
791 2859 896 2921 montin
912 2859 1042 2936 attoliatp

61 2944 222 3027 pierumque
240 2946 326 3008 etiem
344 2942 490 3030 cpnaiibne
508 2964 591 3005 manu
609 2943 728 3006 artificio
745 2940 890 3020 derivata,
909 2956 1054 3027 manuam,

62 3029 254 3110 descenderit,
272 3041 381 3094 tanturn
398 3049 496 3093 rnrour
512 3027 671 3096 ucendatt
711 3029 811 3113 ltaque
829 3032 854 3092 ei
871 3030 917 3093 vei
935 3032 1054 3114 impetu,

62 3136 111 3178 ono
127 3118 233 3192 tentor,
253 3119 302 3181 rel
324 3117 444 3180 artifieio
461 3117 578 3200 ingenio
598 3127 699 3178 contra
716 3127 846 3178 naturam
864 3136 942 3180 eoam
961 3115 1055 3180 duci·.

62 3212 107 3264 tur
131 3213 160 3265 et
185 3205 328 3278 elevatur,
355 3203 509 3278 miramini,
535 3199 671 3266 tidivini
697 3203 867 3284 operatione
891 3204 1055 3286 praecepti,

62 3287 164 3372 aliquid
186 3287 223 3351 ud
244 3307 325 3350 neum
351 3299 470 3351 murrae
492 3290 555 3351 eine
580 3287 720 3360 aconio,
749 3284 825 3369 qnod
846 3290 876 3351 in
898 3307 951 3350 unu
972 3299 1040 3352 ante
1114 3341 1116 3346 .

62 3393 117 3435 non
133 3374 237 3438 fueriti
274 3374 380 3437 Dicant
396 3393 471 3436 nune
488 3375 570 3450 milti,
586 3369 732 3457 ¹quomodo
751 3382 883 3455 unquam
901 3373 931 3436 in
947 3365 1045 3436 utrem'

63 3461 281 3542 congregaverit
305 3479 393 3545 aquae
418 3463 519 3535 maria,
536 3471 582 3522 nt
606 3460 742 3542 roriptunt
769 3461 867 3543 eet32)
895 3455 1039 3542 pnonuodo

62 3542 191 3607 eduxerit
211 3545 249 3610 de
274 3557 358 3632 petra
383 3549 504 3630 aquam?
547 3545 601 3625 Qui
626 3547 720 3629 potuit
745 3541 783 3608 de
807 3557 892 3629 petra
914 3541 1041 3609 edocere
1101 3557 1105 3567 '

63 3667 269 3692 ᾖ

63 3751 301 3886 orffoaffif'w'
327 3755 401 3809 Μ
427 3756 497 3822 um
523 3725 585 3808 ‘iit'
609 3757 687 3821 turo
719 3759 754 3808 oo
782 3753 844 3808 tn·
873 3753 1040 3860 ..utrum
