2732 4400
563 292 661 345 vtro.
1055 292 1102 390 21¹

80 431 83 440 ’
124 454 188 498 eum
204 431 366 505 eamme,
388 427 518 492 homiues
534 433 634 506 edom,
657 431 704 515 qai
727 431 843 516 decepti
864 433 991 507 luerunt,
1014 431 1105 496 inter·
1164 441 1193 466 '⁴
1248 459 1257 476 ·

122 529 209 581 ventu
226 513 387 577 sacerdotis
404 511 524 590 dimisit,
543 513 579 578 de
598 519 660 602 ipso
676 537 748 580 rcro
764 536 851 579 serro
869 517 1015 581 sacerdoti
1032 538 1103 601 que·

15 659 16 664 ,
55 661 57 666 ,
123 616 183 672 stus
205 611 259 662 est
303 599 393 675 Quem
414 601 460 662 vir
480 613 609 676 sauctus,
632 623 696 665 mm
718 602 755 668 de
775 603 896 666 basilica
912 601 1103 666 Ambrosiaus

10 675 22 708 ⁰
52 707 62 726 ¹
124 684 326 768 egrederetur,
344 687 452 766 requiei
470 687 541 749 lecit
556 699 642 770 utque
660 686 697 749 sd
714 707 747 752 se
764 687 894 771 perduci.
930 689 1021 765 θαοπι
1032 709 1102 754 enm

122 774 330 851 interrogasset
346 781 378 832 et
393 770 630 853 deprehendisset
650 783 797 836 auctorem
820 776 891 838 tanti
910 775 1026 858 flagitii,
1047 777 1103 837 aits
1218 783 1228 798 “

121 855 271 937 „Oportet
291 857 369 916 illem
392 854 467 918 tradi
488 869 606 920 satam
627 858 657 920 in
680 859 824 921 iuteritnm
847 861 958 934 amis,
979 879 1017 922 se
1034 861 1103 922 talia

45 1003 49 1015 ,
122 943 224 1023 aliquis
238 944 281 1017 ¹)'
294 941 324 1002 in
349 953 494 1022 posterum
520 943 627 1006 audeat
651 942 841 1006 admittere.“
884 945 974 1021 Quem
1000 943 1103 1010 eodem

123 1038 281 1100 momento,
303 1047 367 1088 enne
383 1027 478 1091 adhue
495 1049 590 1091 sermo
609 1040 687 1092 esset
703 1030 733 1091 iu
751 1049 802 1091 ore
820 1029 998 1106 sacerdotis,
1019 1031 1104 1114 spiri·

123 1124 168 1174 tus
189 1109 346 1174 immundas
372 1119 516 1197 arreptum
543 1112 710 1196 discerpere
737 1117 849 1196 eoepit3
876 1135 932 1196 quo
957 1117 1020 1178 niso
1045 1119 1104 1178 uo'n

123 1198 358 1260 minimotiorore
376 1201 480 1282 repleti
498 1220 593 1262 sumas
611 1211 642 1262 et
658 1199 858 1264 admiratione.
892 1201 1000 1264 lllultos
1015 1201 1102 1264 etiam

71 1281 94 1350 ¹,
123 1282 224 1346 dielrus
245 1284 316 1358 illis,
338 1285 501 1367 imponente
518 1287 569 1349 illo
587 1307 685 1349 mouns
702 1297 734 1351 et
750 1287 922 1370 imperante,
943 1286 980 1349 alr
997 1287 1104 1370 spiriti·

122 1370 175 1432 lus
192 1367 341 1432 immundis
356 1371 477 1433 vidimus
495 1392 559 1434 esse
577 1384 725 1455 purgatos.

121 1475 144 1498 Ἀ
206 1462 259 1522 dd·
294 1455 352 1518 Per
368 1457 444 1520 idem
462 1469 572 1541 tempus
589 1457 741 1522 Niccutins
757 1457 869 1541 qnidam
887 1478 925 1522 ex
942 1459 1056 1538 ritune
1074 1469 1106 1520 et

122 1543 252 1614 esurio,
265 1541 295 1618 ²)
318 1543 424 1625 quiite
440 1543 543 1624 pedum
562 1541 664 1606 dolore
682 1544 847 1624 tenebatur,
870 1554 903 1608 ut
918 1565 987 1606 raro
1006 1545 1035 1606 in
1052 1564 1105 1626 pn·

122 1626 201 1688 blico
221 1626 382 1703 rideretur,
405 1647 469 1689 eum
491 1625 528 1689 ad
549 1631 642 1692 eluro
662 1632 850 1703 arcessisset,
874 1640 905 1690 ut
925 1639 1105 1691 sacramente

122 1712 288 1795 perciperet
304 1712 488 1795 celestesque
505 1733 574 1776 asa
589 1735 609 1776 a
625 1713 779 1778 sacerdote
796 1715 1000 1789 exclamasset,
1022 1712 1105 1776 andi·

121 1798 178 1860 vite
221 1795 325 1870 „Vnde
342 1809 373 1860 et
389 1796 494 1860 amodo
510 1801 605 1862 salum
621 1803 712 1863 eris.“
754 1801 819 1864 Nee
836 1820 869 1864 se
886 1801 1005 1884 amplius
1022 1798 1103 1862 doln·

67 1915 73 1924 ·
117 1884 180 1944 isse
205 1879 310 1964 pedes,
336 1893 480 1965 tempore,
507 1905 563 1966 quo
589 1897 705 1949 sauctus
731 1885 869 1952 sacerdos
893 1885 930 1950 de
956 1885 1013 1949 lenc
1038 1885 1104 1948 lace

123 1969 269 2048 migravit,
286 1968 411 2030 lserimis
430 1971 598 2033 testabatur.
620 1999 621 2004 ¹
903 2009 907 2018 ‹
1049 2009 1052 2017 ,

206 2058 258 2119 te.
294 2051 354 2117 Sed
375 2066 442 2137 post
462 2055 525 2118 dies
546 2057 615 2132 tros,
637 2059 771 2119 ordinato
788 2055 942 2120 sacerdote
960 2056 1104 2119 eeclesiae

120 2139 281 2214 Tieiuensi,
303 2138 407 2202 incidit
423 2143 452 2203 in
470 2143 677 2218 infirmitatem,
700 2141 756 2225 qna
773 2163 837 2205 eum
858 2144 987 2226 plurimis
1003 2138 1104 2204 diebus

121 2223 301 2288 detineretur
321 2227 350 2288 in
372 2227 494 2302 lectulo,
521 2247 619 2292 comes
642 2227 744 2292 Stilieo
767 2227 874 2291 dixisse
895 2229 1001 2300 lectur,
1028 2223 1104 2307 quot

116 2321 201 2372 »tanto
219 2312 282 2372 viro
300 2310 458 2376 recedente
471 2311 508 2375 de
523 2334 647 2396 corpore
665 2316 797 2377 interitus
814 2315 975 2377 immineret
991 2309 1103 2374 ltaliae.

122 2392 205 2456 liade
227 2399 394 2459 convocatis
414 2396 451 2459 sd
472 2418 506 2461 se
528 2399 670 2462 nobilibus
686 2402 755 2462 viris
777 2401 852 2461 illins
873 2397 1010 2470 civitatis,
1032 2417 1103 2478 quos
1144 2439 1148 2446 -

116 2478 245 2560 diligis
266 2493 367 2543 saneto
389 2482 542 2545 sacerdote
564 2495 755 2564 cognoverat,
780 2483 883 2563 partire
905 2482 1103 2543 interminatas

121 2576 168 2627 eet
184 2566 255 2640 illis,
278 2569 380 2647 partim
397 2565 502 2630 lelando
519 2587 652 2631 serruorm
669 2568 824 2654 persuasit,
841 2576 874 2627 ut
890 2577 1048 2648 pergerent
1063 2565 1103 2628 ad

117 2663 250 2713 sanctuar
267 2650 448 2716 sacerdotem
464 2652 674 2737 suaderentque
691 2655 748 2726 illi,
770 2662 802 2712 ut
818 2652 874 2713 silri
889 2649 1005 2716 vivendi
1020 2663 1103 2734 pete·

59 2775 63 2784 ·
122 2748 169 2800 ret
184 2757 203 2798 s
220 2736 342 2798 Domino
360 2751 558 2800 commeatum.
602 2735 683 2812 Quod
706 2737 755 2798 ille
777 2737 826 2798 ulti
847 2737 884 2798 alr
904 2738 972 2804 iltis,
984 2735 1103 2812 audivit,

121 2821 286 2906 respondite
329 2822 422 2897 „Non
445 2826 486 2885 ita
508 2826 585 2888 iuter
598 2841 651 2884 vos
667 2823 740 2896 vixi,
761 2832 795 2884 nt
814 2821 922 2907 pudeat
943 2842 988 2887 nne
1004 2825 1103 2906 risere

122 2929 178 2974 neo
194 2910 283 2973 timeo
301 2910 388 2984 mori,
406 2911 474 2993 quin
489 2909 637 2974 Dominum
655 2909 759 2971 bouum
776 2907 950 2973 habemus.“

115 3043 120 3054 .
206 3001 260 3065 46.
294 2995 444 3068 Paridem
461 3008 571 3077 tempus
589 3014 652 3057 curu
669 2998 699 3058 iu
717 3006 852 3068 extrema¹
863 3007 945 3079 porte
962 2997 1102 3079 porticus,

58 3119 69 3130 =
121 3085 151 3146 iu
169 3102 226 3166 qun
241 3081 370 3158 iareim,
388 3085 417 3160 in
434 3103 491 3146 ooo
507 3082 594 3164 positi
612 3081 724 3158 Castus,
742 3081 894 3158 Polemios,
911 3081 1055 3145 Venerius
1072 3093 1104 3146 et

113 3169 204 3236 ,Felix
221 3179 288 3230 tuuc
306 3167 421 3232 diaconi
438 3188 534 3231 secam
552 3177 712 3230 tractarent
726 3187 800 3230 voce
818 3169 859 3232 ita
875 3188 989 3253 pressa,
1006 3180 1039 3232 at
1053 3169 1103 3230 vix

48 3263 52 3276 '
110 3274 154 3324 ,se
171 3257 294 3318 invicem
310 3253 456 3329 audirent,
474 3254 536 3337 quis
552 3265 620 3337 post
636 3254 743 3316 otium
760 3255 837 3317 illins
854 3255 1006 3339 episcopus
1024 3253 1103 3340 ordi·

122 3341 232 3404 uoadns
251 3351 341 3416 ¹esset
368 3351 454 3423 atque
484 3360 549 3402 cnm
580 3337 617 3404 de
646 3341 759 3402 nomiae
790 3342 883 3404 sancti
917 3341 1103 3425 loquerentur

122 3426 314 3510 Simpliciauir
337 3438 477 3510 tamquam
494 3428 648 3490 interesset
669 3428 817 3501 metatui,
841 3446 904 3489 eunt
921 3427 1008 3510 longe
1024 3427 1103 3510 posi-

124 3525 168 3577 tus
184 3514 226 3586 alr
239 3514 308 3598 ipsis
325 3514 450 3590 iaceret,
467 3513 629 3598 approbans
645 3514 817 3580 uchuasit
832 3515 933 3586 tertios
967 3511 1101 3590 „Senem
1159 3581 1161 3586 ,

81 3753 85 3768 ·
145 3758 153 3770 ·
191 3739 220 3802 1)
237 3738 448 3790 emec-essetet.
466 3741 494 3788 st
510 3738 655 3796 cesterinss
673 3739 795 3814 stipsis
811 3739 942 3791 omittant.
1010 3739 1038 3801 Ι)
1055 3737 1100 3789 sle

68 3846 71 3854 .
124 3807 240 3868 plectens
253 3807 312 3858 tttrl
324 3821 385 3857 mn.
398 3813 522 3857 «ornnes
531 3809 616 3869 editt,
634 3809 761 3862 sudsere
770 3811 846 3860 ttess.
863 3807 1053 3858 sxtrttneas
1069 3807 1102 3856 st

124 3875 285 3938 nstsrtass
308 3888 374 3926 nean
392 3877 477 3926 Germ·
494 3889 533 3926 ss
550 3877 678 3928 tritono
699 3877 855 3929 aotsrtas.
890 3875 946 3926 Vld.
960 3873 1101 3926 lteudiett.
