2736 4394
298 259 304 272 ⁶
350 268 637 321 idiixdssidiiiissid·
669 269 786 322 utens
805 271 839 324 V.
878 218 884 234 ¹
1012 273 1089 332 12⁰

105 435 175 500 quae
192 410 282 474 invito
298 407 420 492 imponit
437 406 617 490 obsequium,
639 407 737 472 adiert
752 409 919 494 pierumque
935 411 1090 476 fastidium.

104 500 183 566 Nibii
204 506 250 560 est
269 497 346 558 cnisn
367 504 426 556 tam
448 495 550 569 focile,
573 495 639 577 quin
657 494 764 558 bsbcat
781 495 991 573 difficultatem,
1014 497 1091 582 quod
1125 507 1137 518 ”

104 589 192 651 incias
210 583 338 659 invitus.x
358 578 439 660 Ergo
457 590 489 642 et
506 581 580 662 iugis
597 581 681 643 labor
697 583 802 644 avortit
818 583 953 645 ai'cctum
971 594 1003 647 ct
1020 604 1090 645 con-

104 677 182 736 tinua
199 679 230 731 et
247 665 380 728 diuturno
403 667 533 748 potentia
552 667 647 748 gignit
663 666 855 730 inscientiam.
900 667 990 746 Quem
1012 669 1092 732 inve·

104 761 165 823 nias
181 754 341 826 bominum,
360 752 409 833 qui
426 761 529 832 sponte
547 751 676 833 deponat
691 753 841 834 imperium
860 764 892 815 et
908 753 1030 816 ducatus
1047 755 1091 816 sui

104 840 189 908 cedet
209 839 323 918 insigne
345 836 451 918 fiatque
474 837 576 906 volens
597 857 717 900 numero
739 849 901 919 postremus
923 839 1093 922 exprimet
1227 871 1230 880 Α

103 927 164 994 Nos
184 933 280 988 autem
303 941 361 984 non
383 922 474 984 scium
493 921 530 985 dc
548 925 640 1005 primo
658 921 710 988 ssd
729 925 816 986 etiam
835 923 872 987 de
889 923 986 987 mcdio
1003 943 1091 1007 saepe

104 1007 300 1080 contendimus
326 1019 358 1070 ct
382 1009 489 1090 primos
513 1007 671 1072 discubitus
692 1011 723 1072 in
745 1012 878 1073 convivio
899 1009 1091 1088 vindicamusp

103 1121 138 1165 sc
154 1099 179 1161 si
196 1096 286 1160 umsl
304 1091 430 1157 deletum
447 1095 549 1170 inerit,
565 1096 696 1157 volumus
713 1115 779 1159 csse
796 1109 977 1182 perpetuum.
1021 1095 1092 1160 idco

103 1191 177 1252 inter
207 1200 294 1264 grues
323 1181 531 1264 aequanimitas
558 1181 589 1243 in
619 1181 768 1244 laboribus
798 1193 857 1257 est,
889 1183 1032 1246 humiditas
1061 1185 1091 1245 in

103 1267 301 1356 potestatibus.
344 1265 558 1340 Admonentur‚
586 1277 619 1328 ut
645 1278 804 1330 ucrccant
829 1265 979 1330 custodiae
1000 1268 1092 1342 vices,

103 1377 159 1420 non
175 1353 380 1426 admonentur,
402 1363 436 1414 nt
455 1350 493 1414 dc
515 1362 660 1434 potestate
673 1349 835 1426 decedent,
859 1354 926 1436 qnia
947 1353 988 1415 ibi
1011 1363 1093 1416 uatu-

103 1442 171 1506 solis
193 1439 276 1522 quies
295 1439 388 1500 somni
410 1435 636 1522 interpellanda,
662 1436 710 1500 bie
730 1438 911 1502 votmurtss
932 1437 1093 1504 sedulitatis

103 1528 195 1612 potia
211 1522 385 1610 praestanda
394 1534 457 1595 ¹est.

476 1670 614 1724 “WB
634 1671 716 1724 m.

105 1752 233 1818 Quomodo
250 1751 366 1803 eicssiss
379 1748 590 1816 proficiscentur
603 1757 685 1817 stpss
695 1765 715 1801 c
727 1750 872 1802 cornicibus
884 1749 1047 1803 dedsesatso·
1058 1765 1093 1804 es

137 1821 321 1892 dssssdrstsr.
354 1819 498 1873 Lcsdctssr
512 1821 660 1872 eorumden
676 1823 807 1872 anem
819 1819 990 1885 hospitalitas
1001 1827 1030 1872 et
1040 1820 1092 1872 bs·

137 1907 216 1944 msc
229 1889 429 1957 reprehenditur
441 1891 607 1956 resturatio.
645 1889 759 1942 nassa
776 1893 936 1943 cinctam
947 1893 1050 1958 pietati
1064 1893 1093 1943 is

132 1969 257 2029 peream
269 1967 364 2012 metra
376 1962 498 2026 inpietas
510 1961 658 2024 eppesttsr.

130 2061 137 2075 ⁸
187 2051 239 2115 58·
274 2045 411 2110 ciconias
423 2048 521 2110 ierunt
539 2046 666 2109 colicctc
683 2045 831 2130 proficisci
849 2049 974 2128 agmine,
992 2048 1018 2110 si
1034 2067 1091 2129 qno

102 2132 278 2218 pergendum
304 2144 405 2217 putant
425 2143 456 2196 ct
476 2132 559 2195 simul
585 2133 730 2215 plerisque
753 2133 833 2196 circa
855 2135 997 2196 orientem
1018 2133 1092 2198 iocis

103 2219 213 2295 invehi,
244 2230 275 2282 st
305 2220 385 2303 quasi
416 2229 527 2282 tesscra
559 2219 675 2281 militari
706 2221 817 2302 pariter
846 2239 946 2283 omncs
972 2221 1091 2282 moseri.

104 2305 269 2369 Exercitum
284 2303 389 2368 credas
407 2325 471 2368 cum
488 2306 579 2385 signis
596 2306 654 2366 suis
671 2325 807 2388 pergere,
825 2305 869 2368 sic
884 2325 982 2369 omncs
994 2303 1091 2382 viandi

104 2389 314 2473 comitandique
329 2403 360 2454 et
372 2389 530 2473 praeeundi
545 2389 675 2455 ordinem
689 2404 814 2454 servam.
843 2391 984 2456 cornices
997 2403 1093 2455 antem

105 2477 250 2541 deducunt
263 2496 313 2539 ess
325 2497 361 2539 ac
376 2475 504 2559 dirigunt
521 2477 649 2538 caoctus
664 2477 832 2560 quibusdam
847 2483 946 2541 turmis
963 2480 1093 2560 stipatri-

106 2565 184 2627 cibus
202 2573 422 2645 proscqunntnr,
440 2561 515 2624 adeo
533 2572 566 2623 nt
582 2561 746 2625 adiumenta
764 2563 904 2646 quaedam
920 2564 1093 2627 bellantibus

105 2649 242 2713 adversus
259 2649 390 2712 inimicas
407 2668 476 2712 aves
494 2649 629 2712 conferre
648 2648 805 2712 credantur
820 2660 852 2712 ct
868 2651 993 2732 propriis
1014 2649 1093 2733 peri·

107 2737 177 2798 culis
197 2734 275 2797 bella
292 2735 388 2797 aliena
409 2735 567 2818 suscipere·
611 2735 699 2797 Cuius
720 2737 766 2798 rei
786 2733 923 2798 indicium
945 2745 1010 2808 estc
1026 2735 1093 2818 quia

106 2823 199 2884 nniiae
216 2839 270 2904 per
287 2819 466 2884 intervalium
483 2819 600 2904 aiiqnod
617 2823 755 2902 temporis
772 2819 903 2884 residere
920 2821 951 2884 in
968 2821 1004 2884 iis
1021 2820 1093 2884 iocis

107 2909 287 2990 reperiuntur
307 2917 339 2970 ot
360 2907 441 2989 quoia,
464 2926 528 2970 cum
545 2906 711 2969 sueonibus
728 2917 921 2982 revertentes,
943 2907 1094 2970 manifesta
1233 2984 1236 2992 ,

108 2993 225 3076 quadam
251 2993 399 3075 sanguinis
425 2994 468 3054 soi
490 3011 566 3054 voce
587 2993 769 3076 caeterisque
791 2992 946 3076 loquuntur
966 2992 1092 3066 indiciis,

108 3081 234 3162 gravium
250 3098 283 3143 sc
301 3079 488 3142 certaminum
506 3077 627 3141 subiisse
641 3079 815 3143 condictum.
852 3077 923 3156 Quis
936 3079 1025 3161 igion
1036 3077 1093 3141 iliis

108 3185 227 3249 poenam
245 3164 418 3229 desertionis
435 3163 557 3226 indixit?
591 3163 660 3242 Quis
673 3163 833 3229 derelictae
850 3166 970 3229 militiae
986 3165 1094 3248 snppli-

109 3253 154 3354 cia
170 3253 357 3356 praescripsit
373 3249 575 3324 iormidolosn‚
596 3252 723 3355 utnuiis
740 3251 949 3358 prosequendis
966 3250 1094 3334 bospite·

190 3515 243 3577 54·
278 3507 399 3574 Discsnt
427 3509 559 3572 homines
587 3508 742 3593 bospitelia
767 3529 885 3574 servare
910 3513 975 3575 iura
999 3521 1032 3575 et
1056 3531 1095 3576 ea

108 3593 206 3660 aribus
227 3604 420 3680 cognoscent,
446 3593 515 3682 qnid
540 3595 690 3679 religionis
715 3579 877 3682 bospitibud
901 3599 940 3663 sit
960 3597 1096 3663 deforen-

109 3678 188 3758 dum,
223 3703 298 3768 qnae
330 3683 471 3767 obsequis
499 3681 677 3768 deputanda,
712 3683 813 3769 quibus
844 3687 978 3750 cornices
1008 3685 1094 3748 etism

109 3769 235 3868 pericula
260 3790 313 3832 sno
338 3789 447 3851 negare
474 3789 532 3832 non
558 3771 680 3834 soleant.
725 3771 776 3834 iiis
801 3771 892 3852 igitur
914 3789 969 3834 nos
994 3771 1094 3834 ianuss

110 3847 277 3927 claudimus,
305 3855 407 3936 quibus
432 3871 502 3916 aves
527 3857 615 3918 etiam
639 3856 748 3919 ammes
772 3876 839 3921 snas
865 3857 1040 3935 conternnts,
1062 3867 1095 3921 ct

148 3949 315 4006 tuacssos.
332 3957 364 4005 tt.
390 3967 394 3974 ·
857 3963 877 4025 p
