2736 4394
327 144 613 256 inxnnnnnoe.
646 203 762 254 urente
783 191 825 254 νζ
857 183 859 188 ’
992 197 1070 260 tut

81 341 139 408 Sed
157 353 188 404 et
204 359 274 422 epea
291 339 373 413 illae,
397 359 470 422 quoe
492 360 549 402 non
568 339 831 423 obtemperaverint
847 338 961 421 legihua
976 341 1066 420 regia,

80 427 238 514 poenitenti
256 424 497 488 condemnatione
515 444 547 488 ae
565 426 717 499 mulctant,
735 423 767 486 ut
784 425 981 488 immoriantur
996 445 1068 488 aeu-

79 517 118 578 lei
139 513 182 576 tui
203 511 332 573 uulnere.
352 523 354 528 ’
378 509 461 586 Quod
483 510 634 573 Persarum
660 509 758 593 populi
784 510 928 592 hodieque
947 527 1066 574 terrare

80 599 226 670 dicuntur,
248 605 281 657 nt
298 615 351 678 pro
370 597 512 658 eommiaai
530 599 625 680 pretio
643 597 698 678 ipsi
716 597 746 657 in
763 613 796 657 ae
813 596 948 678 propriae
966 597 1066 658 nontin

58 707 60 712 ·
79 693 270 766 exsequantur
281 685 463 747 eontentinmt
499 683 599 767 ltaque
614 683 682 747 nulli
696 682 739 745 aie
753 701 862 764 regem,
871 701 982 744 -non
995 680 1070 744 l‘er·.

48 795 53 804 ·
78 791 141 846 eae,
168 771 215 852 qni
242 771 424 872 quviaalmaa
450 773 480 832 in
505 771 635 834 auhditoa
660 769 769 832 hahent
790 770 886 850 legen,
912 788 970 830 non
992 766 1065 872 ludi,

78 855 472 1021 ttttttliittlll
483 863 1067 1016 mlltttzltltlttttl

77 1049 134 1092 non
152 1029 182 1091 in
199 1028 311 1108 aliquot
328 1027 447 1110 prodire
464 1039 578 1112 pastun,
600 1031 655 1091 nini
673 1047 727 1092 rex
743 1027 833 1092 luerit
853 1028 947 1109 primo
964 1044 1067 1108 ugru-
1189 1029 1193 1038 ’
1318 1015 1327 1033 ’

77 1134 125 1178 aua
141 1124 172 1178 et
188 1115 300 1175 volatur
317 1114 373 1177 nihi
389 1113 582 1178 vindiearerit
597 1117 799 1197 principatum.

161 1203 214 1268 69.
249 1197 407 1264 Proeeeaua
433 1214 528 1264 nutem
555 1213 602 1264 ent
630 1221 685 1285 per
715 1220 783 1264 rora
808 1197 997 1272 redolentin‚'
1014 1195 1068 1260 uhi

76 1285 235 1350 inhalantes
260 1285 337 1348 horti
364 1287 496 1361 llorihnn,
527 1287 576 1350 uhi
602 1287 717 1368 legione
742 1288 820 1348 niveo
845 1304 900 1368 per
924 1283 1064 1366 gramina,

76 1373 124 1436 uhi
150 1391 271 1435 amoena
297 1373 439 1454 riparump
471 1374 531 1436 illie
557 1372 641 1436 lndoa
666 1373 773 1434 alaerit
803 1372 972 1444 iuventutis,
1002 1370 1065 1432 illie
1107 1439 1112 1448 ¹
1214 1387 1223 1400 ·

77 1470 237 1542 campestre
254 1460 439 1534 exercitium,
462 1461 522 1524 illie
542 1479 673 1523 curarum
690 1459 833 1522 remiasio.
879 1455 956 1540 0pua
973 1457 1066 1539 ipsum

76 1567 176 1623 anavep
194 1544 231 1608 de
251 1545 384 1620 lienibus,
403 1544 440 1608 de
458 1547 557 1610 herhia
574 1546 704 1610 duleihue
721 1545 886 1608 fundamina
904 1553 1064 1606 eaauorum

75 1634 164 1718 prima
187 1643 339 1714 ponuntur.
385 1631 458 1708 Quid
477 1635 553 1696 enim
571 1632 648 1696 aliud
667 1643 712 1695 est
728 1633 824 1706 iarun,
847 1629 902 1690 niai
924 1625 1064 1712 quaedam

76 1729 233 1784 emtromm
250 1719 385 1802 aperient
418 1718 549 1806 Denique
567 1720 603 1782 ah
621 1721 672 1782 hia
684 1716 871 1802 praesepihua
884 1736 967 1800 apum
981 1717 1065 1778 leena

75 1817 200 1870 areetnr.
237 1806 316 1883 Quae
334 1818 432 1868 eaetm
449 1807 589 1889 qundmto
608 1818 714 1868 tantum
731 1815 852 1888 ponunt
868 1804 975 1865 hahere
992 1801 1065 1864 artie

75 1903 106 1956 et
122 1893 244 1974 gratiae,
263 1903 396 1974 quantum
415 1893 636 1955 hahent·erntea
653 1893 792 1964 levorem,
811 1892 840 1951 in
854 1889 955 1972 quihus
971 1889 1065 1950 minu·

74 1988 122 2042 tae
140 1997 175 2042 ae
193 1977 334 2040 rotundae
352 1976 475 2040 eellnlae
493 1979 675 2041 connexione
693 1977 736 2038 uui
754 1977 875 2040 inuieenn
889 1975 1065 2038 luloiunturl

76 2064 145 2140 Quia
161 2065 338 2128 arehiteotua
355 2083 405 2126 oar
423 2063 524 2126 doeuit
540 2064 704 2144 hexagonia
721 2062 770 2125 illa
790 2061 955 2126 cellularum
973 2059 1064 2124 india-

75 2161 156 2214 ereta
173 2152 293 2213 laterum
312 2151 487 2232 aequalitate
507 2167 682 2233 componere
700 2168 736 2211 ae
753 2159 856 2212 mnne·
872 2149 950 2211 inter
961 2146 1064 2210 domo·

73 2257 135 2385 li?
156 2235 790 2405 ttetzttttttltt'tinelli
808 2235 1064 2406 ‘diffidi

73 2421 187 2472 eertnre
205 2408 242 2471 de
260 2428 393 2482 mouere,
411 2409 483 2470 nlius
500 2409 653 2489 invigilare
667 2407 835 2490 quaerendo
852 2409 972 2484 vietum,
989 2405 1062 2472 allae

73 2495 225 2558 nollieitom
249 2495 352 2557 eastris
374 2492 513 2557 adhihere
537 2493 712 2570 custodiam,
734 2495 806 2558 alian
828 2497 939 2558 iuturoe
960 2495 1062 2578 explo-

73 2598 139 2644 rare
157 2579 263 2642 imhret
281 2591 312 2644 et
328 2580 472 2663 epeeularl
490 2601 648 2644 eonourana
661 2581 789 2655 euhion,
806 2581 879 2643 aliat
893 2577 929 2642 de
942 2579 1062 2646 dorihut

74 2685 156 2729 eeraa
182 2665 307 2746 ingero,
333 2667 406 2728 aliae
427 2685 523 2729 rorem
546 2667 667 2730 ieiunum
689 2666 807 2729 llorihna
829 2685 882 2728 ore
905 2659 1059 2750 eolligor'eq

74 2753 176 2815 nullam
207 2763 302 2814 tamen
332 2753 436 2816 alienia
465 2752 595 2815 lueidiuri
626 2752 772 2816 lahorihua
801 2761 834 2814 et
862 2764 947 2837 rapto
972 2755 1061 2818 vitam

75 2851 223 2922 quererere.
266 2837 363 2923 Atque
385 2831 493 2901 utinam
515 2827 661 2923 raptorum
683 2839 802 2904 lutidiaa
827 2853 889 2904 non¹
911 2841 1060 2904 timereutl

75 2923 189 2989 llahent
211 2937 306 2990 umen
329 2927 440 3008 spionia
461 2947 513 2989 aua
530 2938 562 2990 et
578 2929 656 2990 inter
670 2929 756 2990 mella
773 2927 895 2992 fundunt
910 2945 1060 3004 venenum,
1176 2949 1181 2958 ·

75 3011 99 3074 ai
121 3012 228 3076 inerint
249 3013 417 3087 laeeeaitae,
445 3015 609 3096 animaeque
632 3026 743 3098 ponunt
763 3014 793 3077 in
813 3016 933 3077 vulnere
954 3011 1060 3077 ardore

74 3098 227 3162 vindictae.
262 3099 343 3182 Ergo
362 3100 463 3176 mediis
482 3111 641 3164 enehorum
658 3101 780 3164 vallihua
797 3102 901 3164 humor
917 3101 966 3164 ille
983 3101 1061 3164 nom

68 3183 232 3248 infunditur
252 3188 444 3269 paulatimque
466 3207 606 3270 proeetau
628 3190 767 3271 temporie
783 3188 813 3250 in
831 3187 918 3250 mella
935 3190 1059 3269 cogitur,

75 3289 137 3332 oum
155 3274 244 3335 inerit
261 3272 385 3355 liquiduu
403 3275 439 3335 ah
458 3273 595 3348 exordio,
618 3285 650 3336 et
672 3275 781 3337 eoalito
798 3292 885 3338 eerae
902 3275 1060 3358 uomnqna

76 3355 165 3421 odore
183 3359 315 3440 imqrare
333 3359 427 3422 mollia
443 3359 546 3444 incipit
561 3361 740 3423 suavitatem.

76 3465 289 3486 w

74 3595 105 3648 ὼ
143 3529 171 3596 a)
187 3533 308 3584 norun·
320 3535 412 3632 nque
423 3503 623 3599 hommum,
641 3531 995 3622 enumerato-ne.
1009 3513 1061 3586 ut'a

117 3599 442 3736 ''bulfzhdhhrmgem
452 3685 505 3723 non
514 3671 554 3722 ale
562 3671 695 3736 Aegypton
704 3675 731 3724 et
740 3671 830 3736 lnqeoa

85 3854 88 3862 Ι
209 3739 449 3862 ῧῖξὲᾎὶοιμρυϋ
457 3741 621 3806 l'nrthurum,
634 3743 782 3792 authledut
790 3741 925 3807 uptaapna
950 3769 956 3781 ·
987 3821 1009 3844 ,.
