2768 4412
356 233 413 296 u
594 271 597 277 -
669 233 810 318 oenone
834 231 1022 284 nmnnosu
1086 244 1091 254 ·

745 377 878 430 “WB
898 376 945 428 tt.
1079 389 1087 404 “

356 457 467 510 Μαι
483 458 630 527 eapemede
645 458 723 524 epoto
737 459 814 522 peteo
830 456 995 520 temnibilem,
1012 454 1103 507 diaden
1119 468 1197 506 m
1211 455 1239 504 te
1253 453 1337 506 iamne

370 526 573 593 ,affluatideee
597 529 759 592 eppmieee.
798 525 975 578 stabilitatem
1001 540 1035 576 ee
1056 532 1153 590 poetro
1170 522 1337 589 fluiditatem

302 635 306 644 .
386 599 464 662 epate
476 596 586 647 tndem
595 596 688 650 divine
698 594 844 660 piteetote,
858 609 931 660 pm
942 595 1026 645 nor-die
1038 595 1163 658 esupdie
1177 593 1337 646 edamur.

387 665 472 727 om
485 667 591 729 nm,
608 677 694 730 epm
703 677 849 716 omnen
858 665 914 716 tone
922 663 1162 728 memoratoque
1169 663 1336 714 metatore

384 733 474 784 eveo
487 731 604 798 praedm
613 735 739 798 peomne.

375 824 378 831 '
434 822 466 885 ⁷.
501 817 761 900 congregetur,
787 817 891 900 inquit,
913 835 1013 902 equa,
1039 835 1126 900 qnae
1146 814 1207 879 enb
1230 813 1332 878 coebo

271 899 278 912 '
348 913 417 978 eet,
442 904 478 966 in
503 905 814 986 congregationem
840 923 937 966 anem
969 914 1005 966 et
1029 912 1197 987 appareat
1221 899 1331 963 arido.

347 987 392 1052 Iit
415 989 542 1052 iaetnm
568 1001 623 1078 eet
648 991 709 1053 eie.
762 987 896 1052 Fortaoee
922 1008 1020 1072 porum
1047 987 1205 1052 crediderit
1229 986 1332 1070 eliquit

347 1076 542 1156 asperioribus
558 1075 736 1138 aermooibue
753 1077 882 1157 noetriep
896 1075 997 1156 qnibne
1014 1075 1211 1148 meetavimue,
1234 1073 1332 1136 invini-

345 1158 433 1224 bilem
455 1159 522 1224 ideo
544 1162 633 1226 iuieee
654 1172 775 1235 terram,
798 1159 873 1245 qaod
895 1161 976 1244 aqnie
994 1170 1096 1244 operta
1114 1170 1276 1242 tegeretur,
1298 1168 1332 1220 nt

348 1249 497 1329 eorporeie
518 1249 610 1310 ooniie
626 1246 718 1311 videri
739 1268 797 1309 non
818 1251 927 1330 poenot-
969 1246 1016 1310 Ad
1038 1266 1070 1310 ee
1092 1247 1167 1310 eninr
1189 1245 1330 1330 propbeta

345 1333 458 1408 rendit,
480 1333 538 1397 bo'o
555 1345 615 1408 eet,
636 1332 674 1396 ad
696 1345 822 1418 nostram
844 1331 1054 1408 conditionem,
1076 1353 1134 1394 non
1156 1329 1193 1393 ed
1215 1331 1329 1394 divinae

344 1420 522 1481 mainetatem
553 1431 687 1494 naturae,
719 1438 792 1500 qnae
822 1419 919 1500 atique
950 1420 1045 1480 omnin
1074 1415 1164 1480 videt.
1208 1416 1268 1480 Sed
1297 1428 1331 1479 nt

343 1501 514 1578 adventatio,
541 1505 608 1586 goia
633 1523 690 1565 non
712 1505 791 1586 qonei
818 1505 909 1566 noetri
935 1505 1043 1585 ingenii
1068 1500 1210 1585 probnndi
1235 1504 1329 1584 gratia

343 1585 396 1650 eed
416 1599 531 1651 vertrae
554 1609 641 1651 oauen
662 1590 857 1651 inetrootionie
882 1591 1057 1672 eueoepimae
1082 1589 1158 1651 bunc
1186 1587 1329 1651 mactandi

342 1671 481 1748 laborem,
494 1671 712 1755 adetipnientem
726 1674 809 1736 nobie
822 1675 957 1736 lectionie
969 1677 1073 1737 aee-iem
1083 1677 1113 1752 ¹)
1131 1674 1327 1750 teeta‘flenmnn,

342 1777 416 1843 gnae
433 1769 534 1843 aperto
550 1759 670 1844 probat,
692 1770 760 1843 poet
776 1762 1031 1842 congregationem
1048 1780 1154 1843 nqueo,
1172 1759 1246 1844 pune
1263 1771 1329 1824 ennt

340 1843 1326 2016 :ttetmtettt‘tigttitt‘ttitit'iitsttt'tit

340 2037 457 2082 movere
478 2019 610 2100 negotia,
633 2017 776 2082 dicentem
812 2018 962 2096 Quomodo
979 2031 1058 2083 terra
1075 2020 1237 2096 invieibiiie,
1260 2038 1325 2083 oum

340 2105 418 2168 omni
439 2105 556 2193 corpori
578 2106 746 2168 naturaiiter
766 2116 798 2169 et
821 2107 936 2188 epeoiee
961 2115 993 2169 et
1018 2106 1102 2169 nolon
1126 2107 1207 2181 insit,
1233 2108 1325 2170 omnio

340 2202 435 2255 eutem
466 2191 550 2255 onior
579 2192 618 2253 eit
646 2191 792 2255 enbieetue
822 2193 971 2276 eopeotnii
1022 2189 1134 2256 Clamat
1161 2191 1218 2256 Dei
1250 2213 1323 2256 vona
1362 2241 1365 2254 .

339 2277 542 2360 Congregetur
561 2297 635 2360 eque
656 2289 688 2341 et
708 2289 846 2362 apparent
866 2277 958 2341 arida.
1001 2277 1041 2340 Et
1061 2281 1163 2341 iterum
1181 2281 1324 2362 eoriptara

338 2361 425 2428 dieite
464 2364 649 2446 congregata
674 2375 720 2427 eet
744 2384 818 2448 equa
843 2366 873 2428 in
900 2366 1156 2447 congregationem
1182 2387 1265 2430 onam
1291 2377 1324 2431 et

337 2453 470 2536 apparuit
490 2450 581 2513 arida.
626 2451 699 2527 Quid
722 2472 793 2535 npue
815 2452 870 2514 fuit
890 2454 1013 2528 iterare,
1034 2453 1089 2516 niei
1112 2452 1321 2516 occurrendum

337 2538 550 2622 qnaeetionibne
571 2537 728 2601 indiea'eeet
748 2538 908 2622 propbotni
947 2539 1053 2602 Nonne
1074 2538 1189 2602 videtur
1206 2539 1320 2604 diceret

335 2623 404 2688 Non
417 2623 477 2686 dixi
490 2624 658 2688 invieibiiem
671 2623 825 2688 eeonndnm
840 2636 968 2708 namnam
982 2626 1034 2688 eod
1048 2625 1203 2689 seeundum
1221 2645 1321 2710 eupor-

334 2711 475 2774 ineionem
489 2715 643 2793 aqnnenmt
662 2711 805 2794 Denique
818 2710 938 2788 addidit,
952 2713 1065 2776 subiato
1078 2714 1218 2776 velamine
1232 2731 1321 2798 appn·

335 2797 428 2860 rainae
445 2795 569 2869 aridam,
587 2814 660 2878 qaae
678 2808 745 2858 ante
763 2817 820 2859 non
836 2797 998 2861 videbator.

421 2886 452 2948 8.
487 2881 593 2943 iterum
617 2901 729 2966 qnoque
751 2884 934 2964 ponentionee
960 2885 1032 2946 aiioe
1052 2897 1153 2948 nerunt
1173 2885 1318 2950 dicentem

335 2963 370 3030 Si
386 2967 416 3029 ia
434 2967 707 3049 congregationibue
720 2965 840 3031 diversio
856 2989 930 3051 aqna
947 2981 1021 3045 oret,
1057 2971 1191 3048 uomodo,
1209 2975 1234 3036 ei
1251 2974 1319 3038 iliae

334 3055 577 3136 congregationee
594 3055 623 3116 in
641 3055 835 3138 superioribae
852 3067 943 3129 erant,
962 3076 1019 3118 nnn
1037 2991 1183 3122 defluebat
1198 3079 1273 3143 ngna
1289 3062 1318 3124 in

333 3158 399 3203 eom
421 3139 529 3214 ionum,
551 3138 589 3202 ad
611 3158 694 3223 quem
714 3151 782 3222 poet
798 3142 912 3204 Domini
934 3143 1082 3225 imperinm
1104 3142 1233 3207 derivato
1255 3151 1319 3210 esti

333 3223 446 3288 Natura
465 3227 539 3288 enim
561 3245 695 3307 aquarum
718 3238 819 3308 eponte
840 3229 871 3292 in
892 3228 1031 3290 inferiora
1051 3228 1220 3311 prolabitur.
1243 3223 1246 3230 ’
1264 3229 1317 3295 Sin

331 3329 404 3374 voro
429 3311 458 3374 in
483 3311 667 3374 inferioribue
692 3323 776 3375 erant
799 3312 867 3376 illae
890 3315 1144 3395 congregationes,
1172 3317 1315 3399 quomodo

333 3405 436 3459 eontra
451 3407 580 3459 mmmm
597 3417 675 3460 enam
692 3417 765 3480 aqna
780 3395 818 3461 ad
830 3400 981 3483 mperiorn
994 3399 1182 3464 ooneoenditi
1215 3400 1316 3487 ltaque

261 3535 265 3542 .
331 3487 384 3545 ea‘t
399 3481 535 3545 neutralia
553 3501 652 3545 eumue
669 3483 790 3567 imperio
807 3503 864 3546 non
881 3485 976 3565 eguit,
998 3496 1049 3547 ant
1065 3497 1168 3550 onoma
1184 3499 1314 3552 naturam

223 3627 226 3636 ,
331 3567 370 3630 im
390 3567 453 3631 erio
470 3567 612 3650 probeere
630 3587 687 3631 non
704 3570 807 3654 potuit.
842 3569 895 3632 Cui
913 3570 1073 3655 quaeetioni
1089 3571 1176 3636 iaoiie
1189 3593 1314 3658 reepon·

330 3587 418 3730 dedo,
434 3653 461 3717 ei
476 3653 545 3717 mibi
557 3655 612 3738 ipei
624 3665 692 3719 ante
705 3654 907 3753 respondeant,
920 3667 988 3721 ante
1000 3668 1187 3742 praeceptam
1198 3658 1314 3725 Domini

331 3759 547 3788 ..ηιμ-ιιι-

397 3821 429 3899 e)
445 3827 711 3922 namnetum
727 3797 1001 3898 adnitentum...
1017 3779 1114 3887 mid
1160 3851 1164 3866 ·
1240 3881 1243 3887 .
