2736 4394
159 233 232 311 ·'··.
293 239 375 302 m
553 245 578 274 ·¹
609 194 993 293 snuorrnrrnnosrr

297 378 369 443 dunt
388 369 524 454 brachia,
547 371 641 441 sanda
658 396 773 462 quoque
789 398 823 442 ao
837 379 885 441 rei
904 376 941 440 ad
958 379 1110 459 superiora
1125 373 1296 462 subrigunt..

127 471 129 476 “
294 466 342 529 rel
367 465 406 530 nd
431 465 572 528 inieriora
598 461 779 546 demergunt.
824 462 906 529 Unde
928 466 1061 548 quonism
1088 467 1117 527 in
1144 467 1289 528 nonnuliis

196 545 199 552 ’
293 551 371 616 idern
388 571 456 614 naua
473 561 505 614 et
520 552 650 632 species,
674 549 742 613 ideo
760 549 798 614 do
814 553 897 634 aquis
914 552 1196 634 utriusque-generis
1212 552 1290 614 nati·

292 640 367 700 ritas
386 637 495 700 'divina
528 637 737 720 praeceptione
771 639 924 719 promsit.
977 636 1059 700 Dixit
1087 639 1163 700 sninr
1194 636 1288 700 Druse

240 789 244 796 ,
293 721 470 787 Producant·
489 742 581 805 nqune
612 724 729 807 reptilia
759 725 916 786 animarum
946 725 1100 788 viventium
1130 721 1288 787 secundnm

293 829 400 893 genum
426 820 459 874 et
477 810 608 874 volatilia
627 810 757 872 volantis
780 826 870 892 super
889 819 997 874 terrem
1019 830 1104 873 secun
1127 811 1292 874 firmamen-

293 909 352 959 tum
370 897 447 960 coeii
468 895 625 960 seeundum
647 915 749 978 genu
768 921 775 933 ·
792 894 861 958 Non
878 898 1021 959 immerito
1038 899 1141 977 igitur,
1164 898 1231 979 quis
1250 894 1289 960 de

292 985 376 1066 aquds
392 1001 485 1065 pons
501 992 653 1064 utrunque
669 981 854 1067 producimr‚
876 981 995 1045 natandi
1016 983 1181 1067 proprietas
1202 984 1291 1046 utris·

293 1087 349 1153 qne
371 1066 546 1152 cuppeditdt.
719 1118 723 1125 ,
834 1131 836 1138 ,
1048 1099 1051 1105 «
1080 1079 1083 1084 ’
1289 1087 1292 1094 ·

110 1221 116 1234 ,
205 1202 207 1206 .
378 1161 432 1224 to.
468 1152 546 1217 Sane
568 1173 633 1216 cum
657 1164 689 1218 et
708 1153 831 1217 coluber
847 1151 975 1216 lubricus
993 1173 1151 1240 omnesque
1169 1173 1300 1238 serpen·¹

293 1251 352 1316 tes,
372 1273 419 1290 -
439 1241 507 1304 ideo
531 1242 607 1302 enim
629 1241 758 1324 serpenti
780 1257 886 1304 nornen
907 1250 955 1302 eat
975 1239 1110 1317 inditum,
1138 1243 1205 1324 quin
1230 1255 1290 1304 non

243 1355 247 1362 ·
293 1337 415 1410 possunt
430 1327 592 1402 ambulare,
615 1325 667 1389 sed
689 1345 824 1409 serpere,
845 1359 891 1374 -
912 1324 1056 1390 dracones
1074 1346 1187 1411 qnoque
1205 1327 1291 1391 simili

294 1412 382 1476 modo
403 1425 436 1475 nt
456 1416 553 1496 pieres
574 1414 706 1496 plerique
727 1415 791 1476 aino
811 1411 935 1494 pedidus
956 1423 1036 1488 sunt,
1063 1415 1170 1477 nulium
1196 1415 1291 1477 avium

204 1571 208 1580 Ι
293 1509 387 1604 ponus
402 1497 506 1580 pedum
525 1499 620 1561 officio
639 1507 735 1572 erret,
754 1498 821 1579 quia
839 1499 969 1561 omnibus
985 1502 1079 1562 victua
1097 1519 1115 1563 e
1133 1501 1235 1576 terrico
1259 1511 1291 1563 et

293 1582 362 1649 ideo
387 1583 492 1666 pednno
513 1602 634 1646 munere
655 1585 827 1658 fulciuntur,
854 1585 922 1667 qnia
948 1583 1109 1648 huiusmodi
1131 1585 1169 1648 ad
1192 1603 1290 1648 escntn

294 1669 487 1755 querendam
522 1666 664 1752 indigent
688 1671 861 1732 ministerio.
911 1669 1013 1753 ltaque
1048 1673 1124 1742 aiiao
1154 1671 1290 1736 volueres

294 1756 438 1840 anqaibna
468 1768 616 1819 armantur
641 1754 678 1820 nd
705 1767 832 1840 ruptum,
862 1765 896 1820 nt
922 1759 1081 1841 accipitres
1108 1767 1139 1822 et
1164 1757 1289 1840 aquiiae,

295 1861 368 1994 qnqe
386 1845 516 1992 qapiqqm
529 1843 693 1992 renqtionis
710 1853 866 1991 exqreentp
884 1843 962 1948 aiiaq
978 1843 1081 1994 qetleqd
1098 1841 1292 1994 imam

293 1948 535 1994 renuunt
566 1949 622 1994 suu
651 1949 810 2013 paranunn
840 1949 894 1993 utu
923 1949 1008 1994 munna
1041 1951 1192 1996 neuen

198 2079 202 2088 .
293 2015 494 2082 accommodo.
623 2045 624 2050 ¹
1087 1952 1105 2016 q

379 2109 433 2171 4⁷.
469 2103 562 2167 Unum
583 2113 679 2167 autem
701 2125 807 2168 nomon
828 2105 936 2180 arium,
960 2103 1012 2168 aed
1030 2124 1141 2188 genera
1158 2103 1290 2181 diversor

296 2209 370 2274 qnae
396 2191 458 2273 quis
483 2191 576 2274 possit
600 2193 740 2253 nnnrnoria
761 2202 812 2253 not
833 2193 1002 2272 cognitione
1024 2189 1293 2274 comprehenderet

295 2275 370 2339 Sunt
390 2279 588 2358 inaquosum,
611 2294 685 2356 quoe
702 2297 791 2339 earne
807 2289 973 2340 vescuntur.
1017 2277 1089 2340 Ideo
1113 2278 1157 2339 hin
1179 2295 1291 2358 ungnes

294 2363 406 2446 asperi,
429 2370 576 2424 curvatum
594 2372 679 2443 ntqus
698 2373 812 2423 acutum
831 2381 879 2436 os,
901 2362 989 2424 velox
1004 2363 1133 2436 volatus,
1156 2361 1289 2443 quoniam

165 2451 169 2462 '
258 2443 263 2452 ’
295 2459 380 2531 rrptn
400 2449 512 2522 uiuunt,
538 2456 573 2508 ut
597 2448 709 2530 possint
733 2447 821 2510 facile
848 2449 999 2530 corripere
1026 2447 1178 2530 praedam,
1206 2468 1289 2532 qnnrn

294 2545 466 2618 qunntnm
488 2552 615 2619 propere
632 2533 678 2596 rei
697 2552 750 2597 ors
766 2533 814 2597 vel
830 2536 973 2616 unqnibus
995 2537 1170 2598 eviscerare.
1216 2527 1291 2598 sino
1340 2535 1342 2542 '

295 2624 383 2685 etiam
404 2641 489 2696 ares,
512 2641 585 2704 quse
608 2631 726 2707 reperto
748 2632 907 2704 pascuntur
927 2621 1052 2699 seminet
1075 2623 1151 2686 niine
1174 2619 1289 2686 diverto

295 2719 328 2774 et
342 2710 465 2772 fortuito
482 2708 560 2771 cido.
605 2707 659 2770 Est
679 2709 767 2770 etinnn
790 2704 943 2771 diversitas
966 2710 1148 2792 copularum,
1171 2715 1290 2793 qu'nrusn

295 2797 391 2878 gratia
408 2805 525 2869 narem,
544 2813 617 2877 quae
635 2792 789 2857 intendunt
805 2795 923 2879 rapinis.
965 2793 1043 2858 'Nam
1061 2806 1183 2879 propter
1199 2793 1292 2863 nvidi·

296 2892 385 2946 tatem
407 2880 581 2967 praedandi,
601 2881 649 2944 nel
670 2891 793 2965 proptor
814 2880 932 2946 insidior
950 2881 1120 2965 expiornndi
1144 2903 1199 2946 nec
1221 2883 1291 2968 ipsis

184 2983 189 2993 '
295 2971 375 3056 iuter
394 2988 427 3033 ae
443 2969 587 3048 ¹convenit
607 2979 639 3030 et
658 2967 727 3035 ideo
750 2965 898 3044 declinent
922 2969 966 3032 aui
988 2970 1148 3052 copulem„
1175 2968 1293 3052 defugit

156 3135 158 3140 ,
200 3063 204 3070 '
296 3057 373 3122 enin
398 3054 521 3118 avaritia
547 3054 722 3117 consortium
747 3049 943 3138 plurimorum.
966 3054 1100 3119 ¹lieindo
1123 3058 1290 3121 coniunctio

296 3143 483 3229 plurimorum
501 3141 589 3204 incide
604 3142 670 3225 ¹ipra
683 3137 719 3204 ie
736 3139 885 3226 proderet.
931 3142 982 3206 His
1000 3161 1073 3226 ergo
1098 3143 1198 3208 nvidus
1220 3142 1291 3208 nihil

297 3239 345 3295 eat
365 3229 574 3314 eopnintorium
596 3240 716 3312 prester
736 3229 832 3312 ingnio
855 3231 1043 3294 consortium.
1089 3229 1171 3315 Ergo
1188 3232 1291 3314 aquiiis

297 3317 541 3400 accipitribusque
558 3315 607 3379 hie
625 3335 693 3378 uana
709 3327 755 3380 est
770 3319 860 3381 vitae.
906 3315 1017 3380 Contra
1037 3337 1110 3381 roro
1132 3317 1290 3403 polonien,

297 3423 400 3489 grues,
425 3404 532 3479 sturni,
560 3404 642 3469 corvi
663 3415 751 3488 atque
773 3404 923 3482 cornicor,
950 3407 1037 3469 etism
1059 3405 1138 3470 turdi
1164 3404 1278 3491 pauden

296 3493 484 3578 plurimorum
502 3493 695 3555 connexione.
1274 3519 1278 3530 ·

382 3585 437 3647 ts
471 3579 540 3642 Adia
553 3598 666 3663 quoqne
680 3579 774 3642 arium
791 3597 902 3663 genero
916 3579 1065 3658 enchoria,
1085 3599 1158 3666 quae
1176 3591 1292 3646 manent

296 3665 327 3732 in
344 3665 420 3731 iocis
436 3685 566 3750 semperp
584 3667 643 3730 alia
659 3662 828 3743 oddontida,
847 3687 920 3750 quae
939 3668 1047 3732 obeunt
1064 3671 1202 3751 regiones
1218 3669 1290 3734 alias

297 3765 330 3820 et
344 3763 467 3840 peracta
482 3753 577 3817 diens
595 3765 794 3830 revertunturp
816 3765 885 3817 runt
904 3755 977 3831 adia,
1001 3775 1074 3839 quoe
1092 3757 1190 3820 hieme·
1205 3755 1291 3820 redo·

296 3852 363 3921 unt,
384 3849 499 3906 aestate
518 3842 743 3927 peregrinantur
762 3861 782 3906 a
802 3841 900 3920 nodis,
926 3843 988 3907 aive
1011 3840 1089 3927 quod
1110 3842 1290 3910 adia'dientia
