2736 4394
345 215 631 271 uexseuenors.
664 191 780 268 ursei
799 215 834 268 v.
1006 213 1106 276 nee·

95 371 153 424 ten
170 355 310 420 lusciniae
331 373 391 418 neu
411 354 504 440 possit
519 354 641 432 inituri,
662 355 791 420 intutu
806 362 902 418 tenen
917 349 984 420 een
1000 351 1084 420 sedin·

96 449 177 510 litste
214 443 321 506 ietntis.
852 465 857 475 ·

179 462 231 597 8¹23.
266 525 385 589 Noetus
414 519 492 609 ipud'
507 525 742 610 quenadmodum
773 526 884 608 napis
913 537 945 589 et
974 527 1082 608 gleuels

96 615 243 684 erulorum
264 614 381 696 pupillis
401 623 605 676 noeturnnrunn
626 613 810 677 tenebrarum
833 612 1006 694 seligentem
1026 633 1082 677 nnn
1156 653 1160 660 -

94 706 182 769 sentit
207 701 374 776 honoresue
401 711 511 784 etque
533 701 622 763 luerit
644 720 703 762 nox
724 699 892 773 obscurior,
918 719 957 763 eu
982 711 1083 764 eentrn

94 810 173 859 usum
190 789 282 850 eviusn
302 797 483 850 enetersrusn
500 787 659 851 inoffensos
677 798 798 850 exercet
814 785 952 848 volutus·
971 785 1081 850 exere

52 873 57 884 ’
95 887 189 940 nutem
207 871 256 936 die
274 884 306 936 et
323 875 496 936 circumisse
519 872 675 957 splendore
692 875 764 936 solis
779 873 858 936 risus
879 873 942 937 eins
964 871 1081 936 lebete·

95 973 154 1037 tur,
181 961 263 1044 qussi
286 959 455 1042 quibusdem
477 972 558 1023 erret
578 961 608 1023 iu
631 960 770 1024 tenebris.
815 958 878 1036 Quo
904 950 1014 1024 dedicio
1028 961 1082 1024 'sni

94 1049 232 1122 deelsrnt,
251 1065 316 1109 esse
334 1047 455 1129 sliquos,
474 1049 522 1130 qni
537 1066 601 1110 enne
614 1047 716 1111 erulos
729 1044 907 1109 enesaunt
919 1045 1080 1122 videndun.

92 1134 193 1198 videre
219 1153 277 1195 uon
303 1133 418 1195 selesut
442 1143 475 1195 et
498 1134 578 1196 siens
601 1136 647 1196 sui
668 1133 763 1197 officie
785 1135 856 1196 nelis
876 1135 1033 1215 iungentnr
1052 1141 1080 1196 ln

94 1221 230 1286 tenebris.
275 1217 319 1282 lle
342 1217 440 1282 cerdis
462 1219 555 1284 oeulis
577 1221 694 1303 loquor,
717 1239 789 1304 quus
810 1220 919 1283 hubent
937 1223 1081 1304 sepientes

76 1299 189 1373 ‘munet
215 1317 248 1370 et
272 1326 329 1368 nen
354 1306 468 1382 vident,
495 1307 526 1368 in
552 1306 618 1370 lnee
643 1307 714 1370 nihil
741 1309 887 1382 eernnntp
903 1309 934 1370 in
955 1308 1080 1372 tenellis

93 1395 251 1467 anbelant,
274 1391 339 1455 deun
362 1393 578 1456 dnesueninruun
600 1393 756 1456 tenelsresn
777 1395 931 1468 rimentur,
943 1405 986 1458 ''st
1006 1393 1080 1459 eseli

92 1483 151 1544 nltn
172 1500 204 1544 ne
224 1478 326 1542 videre
348 1480 484 1556 eredunt,
507 1477 706 1543 describentes
727 1477 810 1542 radin
834 1479 981 1557 mundun,
1001 1501 1081 1544 nen·

92 1586 186 1632 surnun
203 1569 282 1630 neris
303 1567 393 1649 ipsius
414 1566 598 1648 colligentes.
642 1566 735 1629 Perre
756 1577 853 1628 nutsns
875 1587 893 1627 n
915 1565 973 1629 lide
994 1564 1080 1640 desii,

91 1662 250 1737 perpetuae
269 1654 422 1718 caecitatis
439 1650 567 1715 tenebris
588 1649 786 1735 implicentur,
808 1652 949 1715 lenientes
966 1651 996 1714 ln
1012 1671 1082 1736 pre·

89 1742 168 1805 simo
194 1738 270 1804 diem
298 1739 405 1802 Christi
432 1750 464 1802 et
489 1739 583 1802 lumen
609 1739 770 1812 ecelesiae,
797 1749 829 1801 et
853 1738 925 1802 uilnil
949 1737 1111 1802 videntes.

90 1823 1082 1997 :illittt'tlllttmstlt&deglutiit

89 2001 150 2065 tine
175 2002 314 2084 proprius
341 2003 522 2064 eneeitstern.
567 1999 669 2083 ltuque
696 1999 761 2063 dum
788 1999 907 2083 eupiunt
930 1997 1082 2063 subtilibus

91 2089 247 2166 erolnre¹)
266 2087 459 2164 sermonibus,
482 2085 562 2171 qussi
580 2098 705 2150 uenture
723 2089 753 2148 iu
770 2087 876 2150 lumine
893 2097 1080 2152 evanuerunt.
1128 2139 1133 2145 .

176 2179 229 2243 87.
259 2173 437 2260 vespertilio
450 2175 554 2238 nuinnl
568 2173 697 2256 lpnelile
710 2191 729 2235 s
741 2192 863 2258 vespere
876 2192 980 2238 neuneu
994 2193 1081 2239 nees-

91 2265 143 2348 plt.
186 2261 240 2326 llet
265 2273 360 2327 nutenr
381 2263 508 2326 velntilis
529 2260 688 2345 eademque
710 2260 873 2346 quadrupes
895 2271 927 2325 et
947 2259 1080 2326 dentibus

91 2353 194 2424 utimr,
217 2369 288 2432 ques
310 2351 340 2412 iu
361 2349 427 2412 eliis
448 2348 548 2412 nvibus
570 2351 701 2432 reperire
723 2369 782 2410 uun
798 2348 904 2411 solens.
947 2347 1029 2411 Parit
1047 2359 1082 2412 nt

92 2435 289 2522 quadrupedis
309 2455 367 2498 uon
390 2455 446 2499 orn
467 2434 520 2498 ssd
540 2435 634 2519 pullos
651 2436 791 2498 viventes.
825 2433 939 2498 Volitnt
959 2437 989 2497 in
1010 2453 1079 2499 nere

91 2527 183 2588 suurn
206 2539 302 2600 merop
328 2521 381 2585 sed
403 2524 574 2606 crepusculo
596 2523 761 2605 vespertino
784 2521 935 2585 censuerit
960 2521 1078 2585 ell'nndl.

89 2609 202 2674 Volitnt
222 2621 317 2672 nutem
340 2629 398 2671 uon
420 2610 519 2694 ulique
540 2628 711 2693 pennarum,
735 2606 788 2671 sed
804 2609 988 2673 membranae
1009 2627 1078 2673 rnre

91 2697 162 2761 lnlts
183 2697 320 2778 remigis,
345 2716 401 2779 que
418 2716 557 2780 suspeusn
572 2696 652 2759 velut
668 2715 824 2778 pennarum
840 2698 938 2759 velem
956 2697 1078 2760 eirenen·

91 2783 184 2848 lertur
208 2795 294 2866 utque
320 2793 482 2864 vegetetur.
527 2783 623 2847 llnbet
646 2793 678 2846 et
703 2781 773 2846 illud
799 2783 856 2846 lnee
880 2784 939 2847 vile
963 2783 1077 2859 enlnnl,

92 2869 166 2954 qued
187 2871 243 2934 sili
265 2870 387 2933 invicem
405 2869 566 2934 adurerent
582 2879 614 2934 et
630 2871 710 2952 quasi
732 2871 762 2932 in
783 2871 911 2953 speeiem
928 2871 1078 2954 benpnuis

92 2975 130 3021 ex
145 2959 242 3042 ulique
265 2957 332 3019 loeo
354 2955 496 3039 pendent3
518 2975 555 3021 ne
571 2959 597 3020 sl
614 2975 647 3020 se
664 2956 764 3020 ultius
781 2977 911 3042 qnneqne
929 2959 1077 3032 iusserit,
1184 2978 1189 2986 ·

93 3063 190 3108 nunes
220 3045 413 3107 resolvuntur.
458 3042 542 3120 Quod
574 3045 607 3108 lit
636 3043 759 3126 quodem
789 3065 908 3110 nnnuere
939 3047 1076 3119 enritntis,

92 3150 163 3213 quae
181 3129 296 3194 difficile
314 3131 345 3193 in
362 3130 523 3193 luminibus
539 3131 623 3194 leuius
639 3130 736 3193 nundi
753 3134 908 3215 reperitur.

176 3221 228 3284 88.
264 3216 318 3305 tter
342 3217 428 3280 etium
455 3217 525 3300 gelli
551 3229 652 3280 erutus
677 3218 773 3281 suevis
798 3219 828 3280 iu
850 3217 997 3295 necuim
1023 3236 1077 3282 nee

91 3301 180 3366 selues
198 3305 307 3378 suevis,
330 3301 383 3366 sed
401 3304 489 3366 etiarn
507 3305 597 3379 utilis,
620 3305 669 3388 qut
687 3305 767 3388 qussi
785 3305 878 3368 lenus
896 3305 1078 3370 eehsltltntsr

92 3399 123 3456 et
147 3389 337 3454 dos-unientem
362 3391 473 3454 excitat
498 3401 530 3454 et
554 3391 707 3455 sollicitum
734 3390 871 3456 ndennuet
896 3402 929 3455 et
951 3393 1077 3458 rientem

92 3475 215 3554 selem,
237 3495 405 3561 preeessunn
427 3478 523 3542 nectis
541 3497 650 3542 esnnrs
671 3479 882 3562 significetious
903 3489 1076 3563 pretestnns.

93 3559 155 3628 llee
178 3577 300 3629 esnente
322 3565 397 3629 lutre
419 3583 486 3629 suns
506 3567 643 3650 relinquit
663 3565 798 3645 insidiae
820 3569 957 3653 loripes
975 3566 1079 3634 lneiier

92 3652 233 3717 excitatus
254 3653 350 3717 uritur
370 3652 540 3740 neeluupns
560 3657 716 3734 illnnlnntp
741 3656 798 3721 loe
817 3668 939 3722 eruente
960 3657 1078 3723 neenti-

92 3773 305 3799 h

159 3835 189 3905 t)
206 3841 285 3896 cuer.
298 3841 383 3909 Πρω
399 3843 548 3900 rolltsrs·
