2732 4400
473 319 573 373 Vin.
660 353 662 358 ·
983 316 1010 375 ὅ

123 463 154 527 o.
188 455 334 520 Pendente
360 457 456 538 itaque
484 456 624 522 relatione
654 457 755 520 iterum
780 460 874 539 iugem
899 455 1022 540 pnrnvlt.
1067 533 1070 540 y

40 553 124 626 etque
150 542 179 603 ln
197 543 386 688 possessione
412 541 555 605 euluednm
576 543 691 606 Leontii
716 542 864 604 elorienimi
883 543 939 604 viri
959 542 1013 603 nli·

41 624 172 711 quamdiu
217 627 326 704 eliouit,
362 623 422 690 Sed
450 626 499 689 ulti
528 628 662 690 relationi
691 647 857 710 reeponeum
887 637 946 701 eet,
975 627 1012 688 nb

40 710 142 776 eodem
168 709 291 772 Leontio
317 709 460 794 proditur,
491 723 674 796 prneeeptum
704 715 780 776 eninr
805 722 870 775 emt
892 713 1013 785 vienrio,

40 793 72 865 ut
106 798 250 859 insisteret
274 794 368 858 robur
401 795 598 878 perdeieudie,
632 799 679 879 qui
710 799 836 861 ieiunote
865 797 920 859 nili
952 817 1014 858 eum
1068 795 1072 806 '

40 881 129 944 vellet
157 881 289 962 implere,
318 883 466 963 proposito
492 881 589 944 edieto
620 885 753 945 eonvenit
782 902 895 958 omner,
929 892 962 944 ut
989 882 1014 943 ei

40 966 148 1030 uellent
175 964 229 1029 eibi
260 966 409 1029 eoneulere
440 967 581 1048 roburque
614 969 686 1042 rulo,
725 967 883 1049 proderent
913 969 1015 1030 virum.

42 1049 174 1114 Proditus
196 1053 291 1132 itoque
313 1063 344 1114 et
365 1049 505 1114 adduntur
524 1050 731 1124 Mediolanum,
757 1073 820 1114 oum
841 1053 1016 1133 intelligeret

43 1157 122 1200 orror
147 1155 179 1197 ee
205 1134 259 1198 llei
282 1137 456 1199 roluotetenn
482 1155 535 1198 nee
562 1135 595 1198 ¹ee
621 1135 725 1198 diutiue
754 1154 839 1218 poene
869 1139 1015 1209 reeintere,

43 1222 196 1305 postularit
228 1240 285 1282 non
316 1241 349 1284 oe
379 1223 433 1284 olei
463 1241 481 1283 n
513 1221 656 1284 entloliee
691 1223 827 1304 epioeopo
861 1221 1016 1302 baptizari,

43 1307 167 1369 rollieite
189 1308 264 1367 enim
281 1305 442 1382 onvelrt1)
465 1305 612 1388 perdulinm
629 1306 810 1368 Arinnomm.
853 1301 1017 1388 Bnptinntun

44 1394 139 1474 itnqun
169 1390 260 1452 l’ertur
290 1393 384 1453 omnin
412 1392 611 1453 eoeleeinetiee
644 1391 737 1454 olliein
766 1393 897 1474 implente
931 1402 1016 1473 etque

45 1488 146 1538 oetnvn
168 1474 215 1537 die
237 1477 388 1557 epieeopue
409 1473 556 1538 ordinetur
576 1486 623 1537 ent
647 1495 754 1537 numme
779 1497 843 1539 eum
868 1477 962 1556 gratio
987 1485 1019 1537 et
1059 1491 1062 1498 ·

45 1562 154 1625 loetitin
175 1571 350 1624 eunetomrm.
393 1560 484 1640 Igitur
503 1571 570 1642 poet
589 1580 680 1622 ennon
700 1561 810 1642 aliquot
831 1560 1018 1623 ordinetionie
1144 1626 1145 1630 ,

44 1666 114 1708 eune
130 1645 168 1706 nd
184 1645 284 1706 'rrrluem
302 1645 428 1718 liumem,
446 1645 502 1706 iroo
519 1656 577 1717 eet,
595 1642 632 1706 ed
650 1649 793 1728 proprium
811 1647 900 1708 nolum
918 1657 1023 1726 perre'·.

44 1733 88 1792 xit
108 1731 203 1812 ibique
228 1739 354 1790 ennom
380 1728 522 1810 puellum,
542 1726 578 1791 de
604 1749 660 1811 qun
684 1749 769 1810 eupra
794 1730 1018 1802 memoravimus,
1085 1793 1087 1798 ,

46 1817 93 1887 eui
122 1833 233 1876 monmn
263 1813 368 1874 offerre
397 1814 497 1875 eolitue
527 1825 604 1888 eret,
634 1816 664 1876 in
694 1814 778 1875 durno
809 1815 924 1897 proprio
946 1833 1017 1877 -oum

46 1919 195 1979 germano,
225 1897 300 1958 nient
327 1897 496 1979 reliqueret,
526 1899 646 1971 invenit,
677 1900 733 1960 inm
758 1910 848 1962 nou-e
874 1895 1017 1960 del'uoetn.

45 1984 140 2066 Atque
154 2002 217 2045 eum
230 1979 280 2043 illn
292 1980 437 2044 dexterum
452 1983 527 2045 illiue
540 1982 726 2057 oscularetur,
743 1982 892 2046 enbridenn
904 1984 947 2045 eit
962 1983 1019 2045 itti:
1152 2037 1158 2053 ,

46 2070 161 2145 „linem
178 2079 211 2130 nt
226 2066 356 2130 dicebam
375 2069 440 2143 tili,
457 2066 618 2131 neerdotie
634 2089 744 2131 mnnom
762 2069 936 2132 oroulnrie.“
983 2143 989 2152 Ι

48 2203 55 2223 .
134 2160 182 2221 10.
217 2151 275 2214 Per
291 2152 366 2215 idern
383 2163 492 2235 tempor
510 2174 572 2215 eom
591 2164 669 2215 tenne
685 2153 810 2216 Tiberim
832 2151 905 2234 opud
924 2171 1020 2233 quum·

47 2238 111 2302 lom
142 2237 327 2319 einrisnimnm
355 2238 488 2300 invitetur
516 2237 687 2301 eneridoiom
717 2241 747 2300 in
777 2237 861 2300 domo
892 2238 1020 2311 offerret,

48 2322 185 2409 quondum
207 2321 381 2396 balneatrix,
402 2341 475 2404 quoe
492 2323 650 2406 prrnlytinn
667 2325 697 2385 in
714 2323 790 2386 leoto
808 2323 935 2396 iuoelot,
957 2341 1021 2382 enon

47 2405 373 2556 fritillis:
390 2427 455 2553 ‘il‘
472 2407 1022 2554 ”mittitetitillat

47 2581 103 2640 teri
133 2576 205 2640 ierit
233 2587 317 2658 ntque
343 2534 451 2638 oduntie
467 2513 713 2659 qdlffllrnponeutir
730 2597 828 2638 monne
853 2511 1022 2645 veetlmdntn

49 2663 161 2742 adtigit.
205 2660 284 2737 Quae
307 2681 376 2722 eum
391 2662 619 2736 exoeeulnretur,
645 2663 738 2722 rtatim
760 2663 882 2739 nnoitpte
903 2669 1023 2740 reoepte
1087 2683 1091 2692 ·

49 2748 193 2810 ambulare
219 2747 329 2828 eoepit,
360 2755 392 2807 ut
421 2746 587 2826 impleretur
614 2745 683 2806 illud
713 2744 890 2806 Dominieum
916 2744 1021 2807 dietum

50 2832 86 2895 nd
117 2833 276 2915 apostolor:
319 2829 413 2892 litium
442 2831 552 2892 mniorn
581 2830 627 2892 hie
656 2831 784 2903 ioeiotie,
814 2828 967 2893 eredentes
992 2830 1023 2890 in

51 2919 163 2982 nomine
181 2937 255 2979 meo.
267 2915 297 2992 ²)
341 2911 423 2994 Quod
444 2925 538 2976 tomen
561 2917 671 2995 rignum
691 2917 821 2977 mnitutie
841 2926 874 2977 ut
894 2914 1022 2977 mirelile

50 3005 105 3066 luit
124 3006 164 3066 itu
186 3003 271 3064 etium
293 3019 347 3062 nee
369 3000 525 3074 oecultum,
550 3019 614 3061 nrm
636 3020 691 3082 epo
716 3001 774 3064 hoe
799 3002 828 3062 in
850 2999 950 3064 endem
975 3019 1024 3062 re·
1107 3049 1121 3089 ἡ.

52 3093 215 3172 piene-pert
226 3105 316 3148 nnnoe
329 3087 473 3168 plurimun,
489 3087 596 3148 ennetie
611 3087 681 3148 virio
698 3086 897 3160 referentiboe,
913 3087 1022 3169 pietur
1126 3101 1133 3114 '

4 3219 5 3232 ,
52 3177 169 3239 inorbo
187 3173 319 3254 cognovi.

138 3267 188 3328 11.
205 3257 355 3320 -Sirmium
382 3274 453 3318 vero
484 3273 548 3318 eum
577 3255 614 3318 nd
644 3255 829 3320 ordinandum
858 3258 1021 3339 episcopum

53 3347 202 3410 Aoemium
222 3344 396 3426 pemexieeet
416 3341 511 3424 ibique
529 3342 653 3406 loetinne
670 3354 736 3405 tone
753 3344 888 3425 temporie
905 3343 1023 3424 regione

55 3433 182 3515 potentie
208 3439 238 3493 et
263 3425 439 3490 multitudino
466 3425 626 3491 eonduootn
646 3427 682 3490 de
708 3429 834 3492 eeoleein
858 3429 1022 3511 pelleretur,

56 3531 155 3581 utnon
168 3515 204 3579 nl
222 3517 284 3596 ipro
297 3510 348 3575 ned
361 3514 398 3575 nb
412 3512 566 3576 hoeretieir
572 3513 696 3578 Arinnue
709 3515 860 3598 episcopor
877 3516 906 3576 in
923 3513 1023 3578 erden

55 3605 179 3668 eoeleein
196 3599 389 3675 ordinaretur,
406 3611 538 3683 eeretqoe
555 3602 723 3664 eonmitotur
738 3601 769 3662 in
786 3600 931 3675 triluonli,
953 3597 1023 3662 nilnil

57 3727 268 3748 ψ
299 3727 302 3732 ’

124 3811 153 3874 t)
169 3811 231 3860 iton.
243 3808 341 3868 nliuoot
353 3811 380 3856 et
392 3805 487 3868 utino.
501 3805 573 3869 editt,
582 3819 671 3857 omero
684 3812 744 3855 note
758 3807 912 3859 Gneterlum
928 3805 1024 3857 eolli-

58 3877 151 3930 eltem
168 3877 247 3928 enlm
268 3877 403 3928 inurunt
422 3883 473 3927 ete.
541 3878 570 3940 2>
586 3875 692 3938 tohu,
706 3877 747 3925 12.

4 3993 7 4076 ι

4 4081 7 4183 l
68 4155 71 4166 .
