2736 4394
155 206 161 214 ¹
208 195 211 204 Ι
284 239 365 318 ιιιιΙ
538 290 542 303 ,
597 237 958 294 ιιιιιιιιιιιιοιιι

286 384 369 457 uon,
391 355 549 446 transldrrs
566 379 706 442 ιιιιιίιοι
721 391 893 464 perpetuos,
916 397 989 462 quos
1004 391 1163 462 pesuerunt
1179 391 1280 465 patres

284 469 388 543 nostri,
406 487 507 550 agrum
524 463 562 528 ad
579 487 679 548 ugrum
697 467 828 549 iungere,
847 464 960 529 domum
977 464 1016 529 ad
1034 463 1158 530 deinum.
1198 467 1280 548 Deli·

286 556 328 618 cit
345 565 424 618 terra
441 553 616 627 hominibus,
639 564 806 615 sternuntur
822 564 854 617 ιι
870 555 970 615 maria.
992 597 995 606 ·
1014 551 1123 616 Rursus
1144 574 1198 636 pro
1219 557 1285 619 sin·.

286 642 417 724 galerum
435 639 554 704 libidine
571 637 710 702 inciditur
727 649 820 716 terra,
838 659 917 703 mare
936 637 1104 715 iolunditnr,
1122 651 1155 703 ιι
1172 642 1280 706 insulas

285 725 410 802 iaciant,
423 739 456 791 ut
472 725 640 811 possideant
656 727 746 803 iretur
766 728 860 810 spatia
873 728 960 790 uraris
977 727 1032 789 silai
1049 725 1199 791 vindicant
1216 730 1280 792 iure

285 814 421 964 “ft-”⁶¹⁹³
441 815 646 963 tl‘ltttt
661 814 1096 965 ‘ttttlttttllttt
1111 812 1281 965 ‘tlltt
1306 844 1311 852 ’

285 920 484 1061 dodum,
506 987 556 1049 ille
574 988 703 1049 alterins.
746 985 885 1049 Dividunt
902 943 1045 1048 clementd
1062 921 1290 1070 sibqiupdtentes..

122 1044 130 1056 ⁶
170 1141 175 1156 ‚
286 1074 346 1150 Ηίι,
365 1083 480 1136 ostreae
507 1074 537 1135 in
563 1073 696 1135 lluctilsus
723 1074 900 1154 nutripntur3
928 1072 973 1134 iris
999 1073 1029 1133 in
1054 1074 1166 1134 vivario
1193 1074 1282 1156 piscis

286 1159 451 1224 includitur.
504 1157 649 1222 Luxuriae
684 1177 740 1220 ιιι
770 1155 849 1220 marc
880 1157 997 1232 snlliclt,
1032 1159 1088 1220 nisi
1123 1159 1282 1240 apothecas

286 1247 413 1310 debcant
443 1255 612 1308 ostrearum.
666 1243 766 1326 ltaque
797 1254 910 1307 ιιιιιιι
940 1263 1038 1306 earum
1070 1257 1221 1308 numerant
1251 1257 1283 1309 ιι

287 1335 408 1417 piscium
425 1333 613 1414 receptacula
630 1331 787 1406 instruunt,
806 1350 843 1393 ne
861 1333 993 1392 convivia
1011 1329 1108 1393 diuitis
1125 1351 1204 1394 mare
1223 1351 1283 1394 non
1349 1379 1355 1392 ,

235 1459 241 1468 ·
287 1421 380 1504 possit
395 1419 526 1501 implere.
570 1415 645 1480 Nona
662 1417 750 1478 sicini
769 1437 873 1479 nornen
892 1417 993 1498 quibus
1010 1417 1129 1481 audiunt
1146 1419 1283 1482 auribus?

289 1505 397 1582 Quibus
410 1504 503 1566 oculis
515 1505 663 1565 intuentur
674 1504 873 1585 portensiones
888 1507 1007 1566 eornml
1038 1503 1281 1582 Quemadmodum

288 1590 352 1657 dies
377 1602 536 1673 noctesque
563 1591 747 1670 excogitent,
778 1599 810 1652 nt
840 1588 949 1672 aliquid
980 1593 1104 1672 proximi
1130 1593 1284 1654 auferant?

287 1677 431 1761 Numquid
449 1678 504 1738 soli
522 1677 690 1739 tantoties
708 1685 935 1759 superterram,
958 1676 1064 1739 clamat
1079 1678 1281 1760 prophetai¹)

288 1764 450 1847 Cognoscit
464 1763 538 1825 daec
555 1763 694 1836 Dominus
712 1773 744 1825 ιι
759 1760 905 1824 uindictae
924 1773 1064 1825 reservat
1111 1793 1125 1816 ι
1264 1765 1267 1770 ’

373 1855 427 1918 28.
463 1849 604 1927 Quantum
621 1849 718 1911 alicua
734 1868 753 1910 a
769 1848 897 1933 piscibus
914 1847 1061 1912 aviditatis
1079 1850 1199 1935 rapiunt
1236 1849 1284 1914 illi

207 1927 212 1941 ⁵
289 1939 432 2001 naturalia
452 1947 572 2020 captant
592 1946 709 1999 ιιιιιιι
730 1947 761 1999 ιι
782 1937 858 1998 ultra
877 1937 1020 1999 ¹terminos
1042 1937 1121 2000 orlsis
1139 1931 1282 2000 terrarum
1316 2010 1320 2018 ,

288 2045 368 2088 mare
386 2035 505 2098 nonunt,
528 2020 605 2107 quod
623 2023 718 2085 nullae
736 2023 913 2106 interpolant
929 2024 1039 2086 insulae
1058 2044 1113 2086 nec
1132 2035 1210 2086 terra
1228 2023 1283 2087 ali-
1310 2078 1321 2096 ,

289 2132 345 2194 qna
361 2111 530 2183 interiacet,
552 2111 599 2172 vel
622 2109 741 2171 ulterius
758 2109 817 2171 ulla
838 2111 876 2172 sit
897 2111 1002 2191 posita.
1046 2111 1109 2172 illic
1128 2111 1217 2190 igitur
1233 2109 1284 2173 ott

266 2195 421 2259 'dillnsum
440 2198 499 2259 late
521 2215 601 2257 mare
624 2215 736 2256 omnem
759 2193 909 2282 spectandi
932 2215 1011 2257 usum
1034 2198 1167 2258 utilitatis
1188 2197 1285 2277 gratia

150 2309 159 2322 ·
288 2281 444 2363 navigandi
465 2279 643 2342 intercludat
664 2279 829 2354 audaciam,
853 2279 982 2343 condere
1000 2302 1033 2344 se
1050 2283 1183 2344 leruntur
1205 2291 1283 2357 cete,

289 2370 339 2431 illa
365 2370 503 2430 immensa
528 2385 638 2448 genera
661 2366 797 2447 piscium,
824 2368 957 2448 aequalia
978 2367 1123 2430 montibus
1146 2369 1282 2449 corpora,

288 2465 321 2518 nt
346 2452 528 2516 tradiderunt
553 2452 651 2526 nobis,
679 2453 727 2534 qni
747 2451 847 2514 videre
874 2463 1044 2535 potuerunt,
1071 2455 1132 2515 illic
1156 2456 1283 2536 quietum

153 2583 160 2597 .
288 2560 391 2604 aevum
408 2536 684 2620 eximant-discreta
701 2537 738 2598 als
756 2539 855 2600 insulis
873 2549 904 2600 ιι
921 2539 957 2600 alu
976 2538 1108 2602 omnibus
1125 2542 1284 2602 maritima·
1364 2541 1366 2546 '

288 2646 352 2690 ruer
377 2625 489 2688 nrlsium
516 2625 659 2706 contagiis
689 2627 824 2707 se'parata
852 2623 962 2686 hahent
992 2645 1060 2706 suas¹
1088 2627 1226 2708 regiones
1251 2636 1285 2689 ιι

289 2712 454 2776 habitacula
476 2709 638 2795 dismiinta.
681 2708 803 2772 llaneot
827 2711 857 2770 in
883 2711 929 2772 luis
954 2711 1096 2773 inoll'enao
1122 2713 1285 2776 uicinorum

145 2805 152 2812 '
290 2799 380 2860 limite
398 2817 453 2860 nec
470 2816 546 2878 vago
564 2797 685 2858 transitu
703 2797 876 2858 mutationes
898 2807 1040 2877 quaerunt
1062 2798 1207 2871 locorum,
1230 2795 1284 2861 sed

290 2894 424 2966 umqum
445 2884 570 2965 pdtrium
591 2883 684 2960 solum
706 2880 830 2963 diligunt
855 2893 886 2943 et
907 2883 936 2942 in
958 2881 1004 2944 lnis
1026 2882 1174 2946 immorari
1196 2881 1284 2947 dulce

290 2969 476 3032 arbitrantur.
505 2968 584 3044 Quae
598 2965 666 3030 idco
680 2967 842 3048 elegerunt,
857 2977 888 3030 ut
899 2966 1056 3030 solitariam
1069 2970 1156 3032 vitam
1170 2979 1284 3034 remma

289 3056 402 3138 possint
419 3052 592 3116 arbitrorum
609 3053 669 3114 inte
705 3052 842 3116 allatione
861 3054 1032 3133 transigere.

288 3177 292 3183 ·
376 3144 429 3208 29.
466 3136 541 3201 Sunt
558 3139 764 3222 tamcnaiqua
782 3147 893 3219 genera
909 3140 1040 3220 piscium,
1059 3140 1108 3223 qui
1125 3159 1184 3202 non
1201 3143 1284 3223 inge·

290 3227 332 3290 nii
353 3226 495 3290 facilitate
521 3225 588 3288 loca
614 3235 724 3287 mutent
748 3222 801 3287 scd
827 3224 945 3310 lovendi
971 3236 1072 3308 partus
1098 3229 1284 3304 necessitate,

292 3331 376 3396 qucm
397 3323 561 3396 opportuno
586 3321 672 3393 atque
699 3311 830 3400 legitimo
856 3321 1047 3395 procurantes
1072 3313 1219 3394 tempore,
1246 3325 1286 3378 ιι

6 3407 21 3486 ‚¹
152 3467 163 3483 ,
290 3398 420 3482 plurimis
445 3399 519 3461 loeis
544 3416 581 3462 ac
607 3395 724 3461 diusmo
746 3397 810 3460 sinu
831 3399 919 3460 maria
940 3398 1081 3460 innumeri
1103 3400 1183 3460 uelut
1204 3419 1286 3463 com·

291 3485 370 3546 nuni
400 3483 522 3546 consilio
553 3485 773 3558 conuenientes,
809 3485 965 3546 coniuncto
996 3484 1111 3564 agmine
1134 3485 1285 3568 ,aquilonis

291 3571 376 3632 llatns
401 3578 504 3652 petum
529 3566 622 3631 etad
648 3567 719 3631 illud
744 3568 1020 3652 septemtrionalium
1051 3587 1131 3632 mare
1160 3572 1286 3652 partiunt

291 3653 414 3738 quadum
439 3665 559 3728 naturae
585 3655 653 3735 lege
679 3653 867 3718 contendunt.
905 3654 1014 3732 'Dicam
1040 3655 1067 3718 ai
1092 3655 1285 3721 ascendentes

184 3901 188 3910 ,
361 3845 531 3913 mamae.
601 3865 607 3870 ·
