2736 4394
318 247 400 333 iob
565 249 578 296 ·'
637 267 780 323 sameas
803 267 992 320 smnaosn
1014 257 1019 298 ⁷
1046 259 1048 264 ·

244 455 251 470 .
317 425 410 489 genus
422 402 589 492 eli'undcrc,
605 393 804 490 quodcumque
821 403 1005 469 lormarerat.
1039 401 1108 466 No'u
1125 396 1223 486 exig'ui
1241 423 1311 486 pur·

317 493 415 575 giles,
430 511 489 556 aon
512 511 657 555 coenosae
679 489 800 574 paludes
820 492 978 564 vacabant,
1006 490 1073 572 qnia
1096 491 1191 552 omnia
1214 488 1310 553 datam

316 577 373 641 ribi
390 575 511 654 creandi
528 576 713 641 adsumerent
730 587 913 660 potestatem.
957 575 1057 638 Pisces
1078 577 1251 640 exsiliebant
1272 575 1310 640 do

316 662 616 747 tnnn0„delpntnes
633 662 843 748 praeludebant
859 665 888 727 iu
906 663 1053 737 lluetibus,
1072 662 1310 738 conchacensis,

316 761 434 814 mtreae
455 749 655 814 adhaerebunt
675 748 842 834 profundis,
863 749 1072 814 adolescebant
1093 749 1200 812 echini.
1244 747 1309 813 Vsa

314 837 400 901 mibil
444 834 524 901 Ante
545 837 689 901 bominem
712 837 812 919 coepit
833 837 987 912 illecebra,
1010 833 1186 898 abundantia
1209 837 1310 918 copia·

314 926 432 1003 rum,¹)
463 935 583 988 uostm
609 935 702 987 mater
726 923 873 1000 luxuriaee
903 932 972 985 autc
1002 922 1145 985 bominem
1172 919 1308 984 deliciae.

171 1069 176 1078 .
312 1007 401 1074 Prior
429 1029 503 1092 erge
534 1009 678 1074 boninum
708 1011 832 1073 mnan
863 1029 945 1093 ᾳιιιιιι
977 1011 1100 1070 naturai
1146 1004 1207 1070 Sed
1236 1007 1309 1070 nibil

313 1107 418 1160 natura
447 1094 584 1180 deliquit,
619 1097 757 1159 alimenta
786 1094 882 1170 dedit,
902 1114 974 1157 nou
1005 1095 1077 1156 vitia
1110 1095 1308 1178 praescripsit.

313 1181 396 1248 llaec
418 1185 580 1248 communia
601 1180 697 1260 dedit,
724 1203 761 1248 ue
782 1183 836 1246 tibi
857 1171 954 1266 aliqua
973 1181 1055 1244 uelut
1074 1181 1193 1264 propris
1213 1177 1309 1244 viudi-

313 1289 408 1333 csrcs.
451 1265 524 1332 'libi'
543 1289 612 1334 suos
636 1271 748 1333 lruetns
778 1281 858 1332 terra
888 1264 1038 1352 producit,
1068 1263 1122 1330 ¹tibi
1148 1287 1250 1332 scaros
1276 1275 1309 1344 et

312 1356 501 1439 acipenseres
527 1367 559 1420 et
585 1361 686 1419 omnes
712 1357 789 1419 ictus
814 1374 883 1418 snos
908 1363 1052 1437 generant
1076 1372 1183 1438 aqum
1210 1365 1242 1417 et
1262 1353 1309 1417 bis

312 1461 373 1504 uon
394 1451 548 1505 contentus
569 1442 725 1504 interdieta
752 1441 804 1502 tibi
830 1441 968 1504 alimenta
988 1443 1120 1520 gustasti.
1163 1437 1212 1502 Ad
1233 1439 1309 1502 luvi-

312 1524 389 1589 diam
407 1536 484 1589 tuam
502 1527 599 1590 omnia
616 1521 827 1610 congeruntur,
851 1535 883 1588 ut
896 1527 1110 1610 praevaricatio
1128 1535 1196 1588 inae
1213 1523 1307 1589 ande

311 1613 381 1676 tatis
399 1623 548 1676 oneretur.
639 1661 647 1696 ,
695 1673 696 1678 ,
935 1619 937 1622 ’
1110 1623 1113 1630 “
1252 1611 1266 1696 ,ζ

397 1701 429 1765 b.
466 1695 525 1761 Sed
549 1717 646 1780 neque·
666 1717 750 1782 pam
771 1695 877 1762 multae
899 1697 1014 1780 species
1040 1707 1072 1760 et
1097 1698 1213 1760 uomina
1238 1698 1306 1773 sint,

257 1785 262 1795 ’
309 1802 460 1868 possm
491 1803 647 1860 emrrare,
679 1803 753 1867 quac
781 1785 877 1846 omnia
903 1793 1047 1846 nomento
1074 1781 1189 1845 divinae
1205 1801 1306 1865 prae·

312 1870 455 1952 ceptiouis
479 1871 605 1932 minata
630 1881 706 1934 sunt.
754 1867 846 1932 Simul
873 1871 973 1932 coibat
997 1868 1090 1932 iormu
1117 1871 1250 1952 eorporis
1276 1879 1308 1932 et
1340 1933 1344 1941 Δ

310 1955 1305 2123 tillim:’,ffiltlllclilzclllltlllll

311 2124 355 2189 lbi
382 2127 559 2189 imensibilia
583 2127 776 2209 pullulabant,
807 2127 856 2188 bic
886 2127 1035 2188 sensibilia
1064 2138 1225 2189 venantur.
1270 2125 1305 2189 Iu

310 2213 398 2274 terris
415 2229 531 2294 qaoque
552 2229 628 2294 aqua
647 2231 715 2274 suas
736 2213 792 2274 sibi
808 2210 938 2290 vindicat
957 2214 1118 2294 portiones.
1162 2211 1306 2274 Lambuut
1351 2249 1352 2254 κ

242 2313 259 2326 ··
309 2306 417 2376 terram
442 2299 540 2379 pisces
561 2317 699 2380 aquarum
722 2306 754 2358 ct
775 2315 814 2360 cx
834 2317 871 2359 ea
897 2297 952 2358 sibi
979 2296 1116 2378 praedem
1143 2298 1303 2380 requirunt.

309 2381 426 2444 culices
444 2393 607 2466 quoquest
627 2383 778 2446 ranunculi
802 2383 882 2445 circa
903 2381 1047 2464 genitales
1068 2393 1202 2464 strepunt
1223 2379 1305 2464 paln-

308 2465 362 2531 dcs
383 2479 415 2531 ct
435 2470 517 2553 ipsae
538 2465 693 2534 audierunt
714 2467 830 2532 Domini
857 2468 1019 2531 mandatnm
1043 2465 1182 2532 dieeatiee
1217 2459 1304 2531 Pro'·

239 2611 243 2620 .
307 2552 439 2620 ducunt
458 2575 570 2639 aquae
591 2556 740 2640 reptilia
760 2557 949 2619 animarum
971 2555 1174 2620 viventium.
1295 2583 1299 2596 ·

394 2649 425 2710 d.
460 2637 589 2720 Scimus,
611 2644 726 2727 reptilia
749 2640 808 2708 diei
829 2662 941 2725 genera
961 2651 1142 2726 serpentum,
1164 2660 1202 2706 co
1224 2637 1303 2724 quod

306 2746 397 2812 super
417 2738 524 2793 terram
545 2741 663 2815 repaut3
689 2729 744 2793 sed
764 2731 854 2794 multa
877 2731 970 2812 magis
996 2747 1081 2791 omne
1107 2726 1184 2811 quod
1209 2736 1302 2802 nutat,

306 2812 441 2897 reptandi
457 2815 547 2880 babet
562 2817 609 2881 vel
627 2819 755 2900 speciem
771 2817 818 2881 vel
836 2827 977 2880 murum.
1017 2813 1093 2877 Nam
1110 2817 1167 2878 etsi
1184 2815 1214 2876 in
1231 2833 1303 2899 pso·

306 2898 424 2964 landum
450 2903 499 2984 qui
527 2922 561 2966 se
591 2901 796 2980 demerserint,
828 2923 930 2986 aquam
955 2901 1110 2968 videantur
1136 2899 1300 2978 findere,².)

308 2995 487 3062 tamencum
506 3007 593 3071 snpra
610 2991 756 3065 innatant,
777 3001 883 3072 repunt
899 2998 962 3052 toto
981 3006 1123 3069 corpore,
1145 2983 1222 3070 pund
1239 2997 1301 3050 tra·

248 3139 252 3152 ,
307 3069 381 3134 baut
401 3092 489 3156 super
509 3073 649 3157 quaedam
671 3074 758 3138 dorsa
781 3095 928 3158 aquarum.
973 3073 1056 3138 llnde
1078 3084 1110 3135 et
1125 3070 1220 3137 David
1242 3075 1300 3136 aits

307 3155 373 3220 lloe
390 3177 470 3222 mare
486 3179 620 3243 magnum
637 3171 668 3223 et
684 3163 856 3246 spatiosum,
875 3161 935 3224 illic
953 3161 1084 3245 reptilia,
1103 3179 1223 3242 qnorum
1240 3177 1298 3221 non

306 3253 354 3306 est
378 3247 562 3326 annonast)
608 3247 682 3326 Quia
704 3249 792 3312 etiam
815 3267 879 3310 cnm
900 3249 1039 3332 pleraque
1061 3246 1152 3330 pedes
1173 3243 1299 3308 babeant

306 3339 339 3393 et
357 3329 521 3394 ambulandi
542 3353 638 3411 asum,
664 3353 702 3397 co
729 3333 805 3419 quod
832 3334 891 3397 sint
915 3334 1074 3417 amphibia,
1102 3330 1246 3416 qnae‘vel
1268 3333 1298 3394 iu

306 3417 389 3498 aquis
404 3417 452 3480 vel
473 3419 504 3480 in
525 3423 612 3483 terris
628 3419 740 3496 vivut,
762 3431 795 3482 nt
815 3430 882 3482 sunt
901 3421 1029 3504 pbaeae,
1052 3416 1209 3494 crocodili,
1231 3417 1297 3499 aqui

305 3497 446 3578 fluviales,
463 3522 535 3586 quos
552 3505 773 3589 hippopotamos
787 3515 905 3581 vocnt,
923 3524 961 3569 eo
979 3503 1056 3590 qnod
1073 3504 1103 3566 bi
1121 3515 1298 3586 vacuatur

304 3584 377 3649 Nilo
402 3587 433 3650 in
448 3589 600 3668 llamiaac,
614 3601 725 3670 tanam
751 3610 817 3656 cum
839 3593 869 3656 iu
888 3591 951 3674 alto
972 3609 1111 3677 aquaram
1131 3600 1213 3667 sunt,
1239 3605 1297 3652 noa

315 3767 317 3773 Ι
373 3793 404 3861 ²)
420 3791 543 3858 ΜΨ·
552 3789 807 3862 θοῦδὼῐμῌοήιι
824 3797 1023 3852 abundantia
1039 3799 1203 3863 captarem
1218 3793 1296 3850 omit·

303 3865 373 3923 iul·
441 3859 860 3942 ²)cstdblpelatrtsgsss.
930 3869 1139 3939 t)l’s.ltt,2a.
1247 3865 1297 3904 ε.
