2784 4402
342 270 629 354 nexenunnora.
645 269 776 340 paena
795 272 832 323 rs
1026 269 1098 355 aa.2
1158 263 1160 268 ’

97 412 207 478 venari
227 417 308 473 retro
329 418 362 474 et
382 408 529 472 contrario
551 409 677 472 caeurto
696 418 775 471 motn
796 408 868 472 ier-si
893 407 1078 486 arbitrmnnr,
1206 382 1210 388 Ι
1263 387 1273 421 γ

24 515 25 524 ’
97 517 190 583 eoque
207 495 327 578 impulsu
345 507 377 559 et
391 506 469 564 motu
487 498 612 578 ipsorum
630 495 740 558 orbium
753 493 865 558 dulcem
883 493 1035 577 quemdam.
1048 507 1092 574 et¹

97 587 211 670 plenum
219 581 369 644 suauitatis
380 591 466 664 atque
480 583 551 643 artis
563 593 595 643 et
607 582 764 663 gratissimi
773 580 971 643 modulaminis
979 601 1079 645 sonum

24 681 25 686 ’
98 669 196 743 reddi,
214 669 347 750 quomam
363 668 470 730 selsam
486 686 540 730 aer
557 678 614 730 tem
630 668 736 730 artilici
753 675 847 740 motn,
864 678 897 728 et
912 676 998 728 acuta
1015 687 1079 732 cnm

98 755 231 840 gravibus
253 763 447 837 temperante,
468 755 510 816 ita
525 755 628 824 varim
638 751 829 835 aequabiliter
845 763 1003 815 concentus
1020 753 1081 816 elli·

99 845 171 917 ciat,
193 851 227 902 ut
247 859 359 902 omnem
380 837 617 922 supergrediatur
632 839 733 902 musici
751 839 885 900 carminis
901 838 1079 902 sunnitatem.
1101 837 1105 846 '

182 931 214 994 7.
249 925 340 989 llnins
355 927 400 988 nei
417 924 501 988 tidem
523 927 547 988 si
569 927 700 1009 requiete
717 934 802 1006 atque
820 934 973 1006 expectem
995 943 1082 988 sensu

98 1013 181 1079 nobis
207 1023 239 1076 et
262 1009 362 1075 auditu
387 1010 519 1095 probari,
545 1009 698 1074 metuat
740 1008 815 1073 Nam
837 1011 862 1072 si
882 1029 952 1074 vera
974 1011 1093 1087 forent*

99 1096 241 1184 quomodo
259 1109 340 1162 tanto
357 1108 436 1161 motu
454 1097 564 1160 orbium
583 1107 787 1180 concrepante,
806 1117 869 1160 cum
883 1097 932 1160 ille
946 1097 1082 1162 coelestis

98 1185 192 1261 orbis,
210 1187 257 1248 eui
274 1183 373 1248 affixos
389 1184 487 1247 ierunt
503 1183 648 1246 stellarum
666 1201 775 1258 mnus,
793 1184 841 1266 qui
859 1185 920 1246 aine
938 1185 1085 1246 intermis-

98 1274 182 1335 sione
197 1271 363 1346 volvuntur,
386 1270 606 1333 concitatiorem
628 1267 734 1333 babeat
756 1269 974 1333 conversionem
995 1279 1091 1351 atque·

98 1361 213 1422 acutum
231 1376 330 1420 sonum
348 1357 472 1430 excitet,
494 1355 542 1419 bic
559 1367 654 1419 auum
672 1355 779 1418 lunaris
796 1355 1006 1436 parietinum,
1024 1373 1083 1418 non

99 1441 249 1506 audiretur
268 1463 286 1506 a
308 1442 404 1516 nobis,
433 1461 497 1505 eum
523 1443 634 1504 leviora
659 1439 759 1504 audire
780 1442 942 1504 soleamne?
984 1438 1084 1504 llidem
1174 1493 1178 1499 .
1245 1423 1250 1436 ’

100 1549 172 1610 ergo
190 1531 252 1593 cius
270 1527 515 1612 disputationissi
537 1529 700 1591 testimonio
722 1537 823 1590 nocuo
840 1538 872 1590 ct
891 1525 1005 1590 auditus
1021 1546 1085 1589 mu·

100 1633 170 1680 nene
188 1616 334 1696 emgamue
351 1613 483 1698 probari,
505 1614 637 1677 referunt
657 1611 842 1676 obsurduisse
863 1633 949 1677 aures
970 1623 1085 1678 nostras

99 1711 134 1765 et
148 1700 326 1764 hebetiorem
344 1700 427 1763 nobie
444 1719 556 1763 sensum
574 1698 709 1764 audiendi
727 1702 847 1774 laetum,
869 1711 990 1782 propter
1005 1699 1084 1762 illam

99 1787 278 1870 aprincipio
296 1797 411 1850 nostrae
434 1787 629 1868 generationis
647 1787 782 1869 concepti
802 1787 912 1849 sonitus
929 1796 1088 1848 conanetn·

100 1871 205 1936 dinem.
249 1871 289 1934 Et
314 1872 633 1956 exemplavimus,
659 1869 801 1955 eoquod
825 1871 909 1934 Nilus
934 1873 1085 1934 lluviornm

100 1961 253 2033 maximus,
274 1958 467 2034 eoridclicet
487 1959 569 2034 loeo,
591 1957 640 2020 ubi
661 1977 695 2020 se
710 1975 755 2030 ,es
776 1957 920 2019 altissimis
941 1957 1086 2020 montibus

100 2047 131 2111 in
157 2044 305 2128 Catadupa
313 2048 342 2123 ¹)
374 2045 424 2108 illa
453 2045 640 2128 praecipitat,
670 2041 864 2126 magnitudino
889 2044 1015 2127 fragoris
1040 2045 1086 2108 sni
1213 2093 1221 2100 .

100 2133 362 2196 anres'nceolarum
375 2131 516 2206 obstruat,
534 2141 566 2192 nt
582 2129 716 2192 audiendi
734 2147 851 2215 munere
869 2149 972 2194 canere
986 2129 1086 2194 dimn-

100 2227 158 2281 tur.
198 2215 258 2281 Sed
276 2219 363 2282 lacile
380 2217 425 2280 bie
442 2219 505 2299 ipsa
522 2215 679 2300 respondet
694 2219 811 2279 verius.
850 2215 926 2279 Nem
943 2220 991 2300 qui
1008 2218 1086 2280 toni·
1155 2211 1162 2218 ”

101 2315 167 2367 tnta
184 2302 315 2367 audimus
331 2303 445 2366 nubium
464 2301 615 2367 collisione
637 2313 790 2386 generata,
813 2313 956 2366 tantorum
974 2303 1085 2366 orbium
1107 2317 1112 2326 ·

101 2391 319 2466 conversiones,
342 2391 389 2473 qul
411 2391 512 2453 maiori
533 2392 631 2472 utique
652 2390 730 2452 sicut
749 2399 827 2452 motu
845 2389 916 2453 leni
932 2391 1086 2453 aestiman-

101 2475 161 2550 lnr,
184 2477 225 2538 ite
244 2474 475 2539 vehementiores
497 2477 606 2538 sonitus
628 2477 804 2549 excitarent,
827 2495 884 2538 non
906 2473 1088 2538 andiremnsl

99 2557 220 2624 'Addunt
239 2571 407 2643 praeterea,
431 2558 498 2621 ideo
515 2579 615 2622 sonum
633 2559 709 2622 bunc
726 2579 784 2622 non
801 2562 954 2641 peruenire
971 2558 1009 2621 ad
1025 2570 1087 2623 ter·

55 2651 58 2658 '
101 2665 161 2722 rae,
177 2665 214 2710 ne
233 2649 309 2730 capti
326 2645 456 2710 homiues
472 2665 527 2729 per
538 2645 706 2708 mavitntem
720 2645 782 2708 eins
794 2655 880 2727 atque
894 2643 1085 2720 dnlcedinem,

102 2751 185 2817 quum
203 2733 371 2797 celerrimus
392 2731 441 2796 ille
460 2732 607 2796 coelorum
624 2731 713 2794 allicit
733 2741 827 2793 motus
844 2730 881 2793 ab
899 2730 1088 2794 orientalibus

101 2821 230 2904 pertibus
255 2839 345 2902 usqne
371 2822 401 2882 in
426 2839 575 2892 ocensem,
601 2817 719 2900 propria
744 2817 863 2897 nopotis
887 2828 973 2900 atque
996 2835 1087 2900 opera

102 2905 336 2989 derelinquerent
352 2915 383 2967 et
400 2906 495 2967 omnia
516 2903 564 2966 bie
583 2906 677 2966 otiosa
693 2912 877 2964 remunerent
894 2901 1016 2985 quodam
1033 2902 1088 2964 bn·

102 3011 203 3054 manae
223 2991 263 3053 ad
284 2991 427 3053 coelestes
448 3009 536 3052 sonos
557 2990 660 3052 menda
683 3006 820 3051 excesso-v
858 2984 919 3050 Sed
940 3007 990 3061 ea,
1013 3006 1087 3071 qnae

103 3089 168 3140 eant
183 3077 278 3141 aliena
295 3095 314 3139 a
330 3075 425 3138 stedio
443 3087 543 3140 nostro
560 3087 592 3140 et
609 3095 627 3138 a
643 3072 757 3137 divinae
775 3075 909 3136 lectionis
925 3075 1017 3150 serie,
1039 3075 1085 3150 iis,

97 3166 151 3247 qni
167 3165 244 3226 loris
257 3173 336 3237 eunt,
358 3164 564 3246 relinquamnsq
586 3179 640 3226 nos
661 3161 861 3225 inbaemsmus
881 3161 1086 3243 scripturam

104 3251 274 3332 coelestium
288 3251 465 3332 magisterio.
542 3267 546 3278 ·
734 3248 738 3289 ²
928 3291 930 3296 2
983 3279 986 3293 ·
1019 3271 1050 3294 ··

98 3441 103 3458 '
123 3509 125 3514 ,
172 3457 201 3522 s)
218 3460 258 3508 tta
273 3455 331 3509 lter.
344 3472 405 3510 mse
418 3471 459 3522 ap.
472 3458 628 3522 ementem
647 3456 750 3524 cobet.¹
764 3457 791 3508 ln
809 3469 861 3520 qne
877 3456 956 3507 leetto
974 3467 991 3504 a
1006 3467 1087 3506 mann

97 3527 255 3592 'eomimtls
269 3533 317 3592 eet,
331 3532 358 3580 es
370 3529 426 3580 and.
436 3529 469 3580 ll.
491 3531 558 3582 Sunt
570 3533 657 3580 antem
675 3527 838 3591 Catadupa
855 3519 901 3588 (sd
915 3519 1085 3588 metens>

103 3594 170 3646 lllll
188 3601 409 3662 catarractas,
427 3610 536 3661 quaram
545 3598 700 3649 mentionem
710 3597 801 3648 cleero
811 3595 908 3646 laeltle
919 3592 1086 3656 conserta

106 3665 168 3717 ev.
184 3680 230 3726 seu
245 3667 276 3718 de
288 3667 410 3718 Relabl.
423 3666 586 3726 t.vt.e.st.1
609 3667 662 3718 Alll
679 3665 739 3718 llbrl
756 3677 817 3717 msa
828 3661 1003 3714 Benedictinla
1018 3661 1086 3712 satla

104 3735 218 3799 proteu,
236 3735 492 3801 discerperem
504 3734 635 3799 allseqnes
654 3733 819 3799 easatyss,
837 3745 904 3796 qnae
922 3729 955 3795 <a
968 3743 993 3783 v.
1005 3745 1086 3782 sona·

103 3795 185 3866 tuor)
198 3819 231 3856 es
241 3805 454 3871 interpretatione
463 3805 616 3858 noddcorb·
624 3803 876 3858 emmennone.
883 3797 1082 3866 pbcnedletlnle
1135 3811 1138 3818 ’

105 3869 655 3936 wlummn‚atntsaproetarttsnat
687 3883 699 3932 ’,
869 3883 872 3891 ⁴
913 3883 919 3894 '
1022 3923 1024 3928 .
1060 3881 1064 3890 '
