2732 4400
368 289 370 296 ’
483 285 581 345 vm.
974 288 1023 350 u

45 427 214 494 meditarent
230 426 378 491 monachis
391 424 568 505 eltrietinulsp
583 425 848 491 Valentinianorum
862 428 939 490 enim
950 426 1022 490 bae-

44 516 117 579 unsis
138 513 257 597 triginta
278 512 350 577 deos
371 513 452 576 solit.
495 511 554 576 Sod
578 512 617 576 de
642 511 802 577 huiusmodi
822 515 901 576 lueto
922 531 1021 576 eomes

43 600 164 662 orientis
189 596 226 661 nd
252 599 453 682 imperatorem
479 599 647 662 relationem
672 599 792 672 direxit,
817 617 873 680 quu
898 609 1022 680 accepta

43 687 471 833 lltltw't‘tttitl
485 684 918 835 tittltttfftsll
935 702 1021 832 tt:

41 857 191 960 praecepti
213 813 299 960 lepor
319 876 381 960 epm
403 853 440 961 ud
461 873 547 960 aures
572 855 750 959 peruenisset
768 854 942 960 venepalrilis
961 855 1020 986 ripn·

40 943 198 1111 illiti
214 938 1019 1110 ‘t'‘tttl'tsttllttttttt’ltltti

42 1115 187 1189 eoureuit,
204 1125 237 1177 ut
253 1111 283 1174 id
301 1113 377 1197 quod
394 1111 431 1176 ult
448 1111 551 1175 eodem
564 1123 698 1174 statutum
711 1112 814 1186 luerat,
832 1123 1020 1174 moraretur
1067 1171 1071 1180 ,
1124 1171 1131 1192 ,

41 1201 207 1282 servarique
228 1199 283 1262 siti
306 1197 472 1263 debererit
494 1217 531 1262 eo
553 1196 741 1273 audientium,
763 1198 843 1280 quia,
869 1196 894 1260 si
916 1195 1019 1279 diguus

42 1307 100 1348 non
121 1298 212 1361 esset,
235 1288 283 1370 pul
303 1287 341 1348 ab
363 1286 414 1348 illo
435 1281 597 1360 audiretur,
620 1283 722 1366 diguus
743 1286 829 1347 etium
852 1303 909 1346 uon
930 1293 1018 1359 osset

42 1375 90 1457 qui
112 1394 165 1457 pro
188 1373 238 1435 illo
261 1371 417 1435 allomino
439 1369 601 1447 audiretur,
622 1373 669 1433 rel
691 1372 738 1433 eui
758 1389 825 1432 suas
845 1389 948 1453 preces
968 1379 1020 1433 unt

22 1461 89 1521 ¹eui
111 1480 161 1521 sun
177 1470 246 1521 vota
267 1457 472 1533 committeretp
494 1467 623 1539 peratum
644 1457 730 1518 etium
751 1475 783 1518 se
806 1475 871 1518 esse
892 1476 945 1538 pro
966 1455 1020 1518 tuli
1115 1527 1121 1536 ¹

41 1545 159 1625 negotio
176 1555 296 1605 mortem
314 1543 426 1616 subire,
448 1561 484 1604 ne
502 1541 727 1604 dissimulatione
744 1543 788 1603 sul
804 1542 1020 1623 praevaricato·

40 1647 102 1692 uem
119 1630 232 1692 luceret
247 1629 463 1710 imperatorem,
485 1628 533 1710 pni
550 1636 607 1689 tam
624 1627 729 1689 iuiuuta
747 1638 848 1688 ooutru
865 1627 1019 1690 eeclesiam

40 1715 246 1796 praecepisset.

126 1803 178 1864 2³.
213 1797 318 1858 Postea
333 1815 405 1859 sero
422 1817 504 1878 quam
520 1794 714 1860 dledioluuum
736 1816 868 1860 reversus
885 1807 944 1871 eet,
965 1816 1021 1880 po·
1127 1831 1130 1838 ‹

40 1883 97 1945 aito
123 1885 296 1964 imperatore
322 1882 352 1942 iu
378 1881 518 1956 eeclesia,
544 1880 581 1944 de
604 1881 704 1944 eadem
727 1902 814 1945 oausn
834 1883 968 1945 tunetuvit
988 1883 1020 1944 in

39 1968 155 2050 populo.
200 1967 232 2029 lu
253 1985 310 2048 quo
336 1977 461 2029 maotutu
488 1966 647 2029 introduxit
667 1965 781 2029 Domini
802 1986 953 2048 personum
974 1965 1020 2028 lo·

40 2053 153 2133 quentin
173 2052 354 2133 imperatoris
389 2049 453 2131 Epo
479 2062 509 2114 te
535 2071 574 2114 ex
598 2052 697 2114 ultimo
723 2053 924 2132 imperatorem
949 2052 1018 2126 inei,

40 2156 96 2217 ego
115 2135 167 2196 tibi
185 2135 343 2198 exereitum
362 2134 470 2197 inimici
486 2137 529 2197 tui
546 2133 662 2210 trudidi,
681 2135 804 2216 egotibi
821 2137 931 2217 euplus,
949 2154 1019 2216 quos
1128 2159 1135 2168 ·

39 2221 89 2283 ille
115 2218 263 2282 nivernum
290 2231 320 2282 to
337 2221 488 2282 exercitui
513 2241 565 2282 suo
591 2230 826 2302 praeparaverat,
853 2218 935 2293 dedi,
961 2237 1019 2301 epo

39 2307 183 2368 inimicum
205 2316 282 2367 tuum
304 2307 335 2367 in
355 2315 527 2388 potestatem
550 2317 625 2367 tuum
643 2304 758 2386 redegi,
781 2325 838 2386 ego
855 2305 892 2367 de
909 2305 1019 2367 umine

39 2399 89 2450 tuo
112 2409 197 2471 suprn
217 2390 320 2452 solium
340 2391 424 2471 regni
450 2391 600 2463 constitui,
627 2410 682 2471 ego
705 2402 735 2453 to
757 2390 930 2472 triumphurn
956 2391 1019 2452 siue

39 2474 140 2537 lnloore
162 2475 234 2536 toci:
261 2485 293 2536 et
312 2485 343 2535 tu
365 2474 402 2536 de
423 2492 469 2536 me
490 2476 613 2537 iuimieie
634 2476 706 2537 meis
727 2473 817 2536 douae
844 2475 1020 2555 triumphos?

40 2559 94 2622 Cui
115 2557 303 2621 descendenti
325 2558 362 2621 de
384 2557 512 2622 exhedra
534 2561 690 2642 imperator
710 2561 765 2621 situ
808 2559 943 2633 „Contra
964 2579 1018 2622 noa

38 2645 214 2726 proposuisti
234 2642 336 2718 hodie,
363 2645 537 2726 episeopo.“
577 2643 619 2706 At
642 2645 691 2705 ille
717 2643 880 2726 respoudit,
906 2664 1018 2709 nouae
1137 2681 1139 2689 ,

40 2739 143 2791 eontra
159 2730 250 2810 ipsum
267 2728 318 2790 sed
335 2748 389 2810 pro
406 2729 469 2809 ipso
487 2729 575 2790 luisse
596 2730 750 2810 loquutum.
792 2728 873 2792 'l'uuo
895 2730 1019 2812 impera·

39 2826 100 2876 torr
135 2812 283 2889 „lieverm
301 2813 406 2896 iuquit,
423 2809 495 2875 dure
512 2831 716 2896 praeceperam
734 2825 835 2876 ooutrn
852 2817 1018 2898 episcopum

39 2898 77 2963 de
103 2918 252 2982 synogoga
280 2897 455 2981 reparanda3
486 2899 516 2960 iu
541 2900 696 2960 monachos
721 2919 792 2961 vero
816 2899 1017 2964 vindicandum

39 2993 144 3048 oase.“
185 2984 230 3046 lta
246 2994 312 3047 eta
329 2983 494 3060 comitibus,
517 2985 564 3067 qui
582 2985 758 3066 intempore
778 2983 913 3060 ndsruut,
935 2985 1017 3049 diee-

38 3071 132 3134 lratur.
177 3068 284 3146 Quidum
306 3071 472 3152 episeopusr
511 3067 735 3152 „Epopuldem
758 3090 821 3133 oum
843 3073 1017 3153 imperatore

39 3175 114 3220 nuue
131 3175 198 3238 ugo,
216 3153 362 3216 nobiseum
377 3171 449 3218 vero
466 3155 535 3217 miii
552 3155 638 3218 uliter
653 3155 793 3237 agundum
806 3163 887 3218 eat.“
919 3155 1016 3238 Atque

38 3243 80 3306 itn
98 3241 233 3314 obtinuit,
250 3250 283 3303 ut
298 3241 358 3315 ttts,
375 3251 572 3324 quaestorum
587 3241 709 3316 hernus,
728 3251 943 3317 mouerentur,
960 3261 1016 3306 uee

38 3329 118 3410 prius
142 3327 180 3390 ad
205 3329 298 3390 altare
323 3324 466 3390 secedere
490 3327 595 3402 voluit,
620 3328 675 3390 uisi
701 3325 758 3390 ide
783 3347 837 3390 sua
861 3327 1017 3410 imperator

39 3415 117 3477 illum
135 3431 223 3495 agore
241 3409 348 3474 debere
366 3422 529 3475 mamremr.
565 3412 618 3476 lini
635 3415 801 3496 episeopusr
835 3413 941 3496 „Ergo
958 3434 1015 3495 ago
1127 3480 1129 3484 Α

40 3499 97 3563 lide
115 3505 201 3562 tua.“
241 3495 400 3580 liespendit
415 3499 586 3580 imperatore
629 3501 719 3581 „Ape
736 3498 794 3562 lde
810 3507 911 3562 που*
953 3498 1016 3576 Qua

40 3586 194 3667 sponsione
228 3585 345 3656 iterata,
379 3585 435 3646 iam
463 3603 582 3646 worma
601 3587 725 3666 ‘peregit
753 3583 891 3648 moedus
920 3583 1016 3648 dirius

40 3669 185 3752 mysteria.
228 3664 308 3731 lione
329 3677 425 3731 sutem
445 3670 553 3766 aeripta
572 3682 639 3770 suut
659 3670 689 3732 iu
709 3669 847 3770 epistols3
872 3689 956 3776 quam
976 3667 1015 3773 ud

110 3855 464 3922 immanenti-lati.
