2784 4402
164 270 215 320 08
241 267 411 320 omiim
435 265 725 334 armentrorum
751 269 867 320 ntetttt
883 271 937 324 ttt
969 268 1042 330 181

62 427 133 490 grue
147 403 383 486 intemperantiae
396 401 536 485 cupplicio
548 403 852 492 nonrideturvacure,
866 406 979 490 pendo
988 407 1045 470 iiiia

61 495 117 556 boc
130 492 220 552 tolum
233 489 399 570 permistum
412 500 467 564 eet,
484 499 517 550 ut
524 500 608 571 rapto
621 491 728 552 inirent
741 492 885 572 coniugiu,
903 513 961 554 non
974 513 1049 556 con·

62 577 338 647 nubii'rucranrento.
373 573 523 636 Etrevero
532 573 648 658 dignun
656 577 720 650 iuit,
737 577 830 658 utqui
843 578 1045 639 aiicnnrncon·

63 660 220 724 tuberuiunr
234 657 390 731 coiverant,
412 660 469 740 ipai
478 661 637 742 nuptiarum
651 662 817 726 unrittereut
825 663 1043 726 colemnitatem.

149 750 220 810 112.
257 742 346 818 Quen
368 744 454 826 plenu
470 755 566 807 uutcrn
587 747 780 808 rniaeratiouin
802 747 941 811 bietoriai
981 747 1044 824 Vir,

63 832 164 914 inquit,
175 832 203 906 ¹)
226 829 314 890 ierita
330 840 487 910 acceperat
504 831 558 893 ribi
575 831 713 912 iugulem,
737 837 837 912 (quern
853 852 872 895 a
890 833 1044 896 concubitu
1068 877 1074 888 .

63 915 248 980 concubinam
270 915 442 996 appellotanr
464 915 622 993 arbitror),
645 935 718 998 qnae
736 917 883 998 aliquanto
900 929 967 1001 poet
984 920 1046 1002 qui·

62 1001 192 1073 buedunr,
210 1011 243 1062 ut
259 1000 323 1062 beri
341 1001 430 1076 rodet,
448 1001 559 1064 odonna
575 1002 672 1076 noue,
689 1001 726 1064 ad
744 1013 856 1085 petrona
875 1024 907 1066 re
925 1005 1047 1066 contudit

62 1099 92 1150 et
107 1087 161 1149 suit
178 1086 237 1148 iiiie
256 1097 381 1170 quotuor
396 1086 549 1149 monebor.
588 1085 628 1148 Et
644 1089 770 1150 aurrexit
785 1089 832 1151 vir
848 1090 960 1160 eiueet
976 1089 1048 1150 abiit

46 1171 98 1237 ad
115 1173 217 1234 uoueri-
229 1173 272 1234 rui
290 1169 419 1247 demunt,
440 1183 473 1234 ut
490 1193 554 1234 eum
571 1191 623 1234 uua
641 1174 729 1254 ingnii
751 1185 903 1256 repararet
924 1177 1046 1256 gratiana

62 1270 92 1322 et
113 1269 266 1320 revocaret
286 1277 350 1320 ocur
372 1277 409 1320 ac
430 1256 595 1320 reduceret
640 1257 775 1322 Occurrit
792 1260 820 1321 ei
837 1259 941 1322 rnulier
960 1271 1047 1342 atquc

62 1343 221 1407 iudomurn
238 1344 328 1426 potuit
345 1345 389 1405 aui
406 1341 565 1404 introduxit
581 1345 721 1405 moritum.
783 1359 788 1368 ·
831 1373 834 1380 ·
1115 1405 1118 1411 Α

147 1433 219 1496 iib-
254 1427 392 1492 bouum
409 1438 455 1492 eet
470 1427 706 1492 udoiaacentuiue
723 1431 919 1513 poter,'vonit
934 1429 1046 1494 obviam

61 1528 92 1580 at
108 1514 185 1579 aedit
198 1535 261 1578 cunr
275 1535 312 1578 eo
326 1515 417 1578 tdbar
431 1511 545 1590 diebua3
564 1525 595 1576 et
612 1517 720 1597 epuluti
737 1527 804 1578 eunt
820 1527 851 1579 et
861 1519 1063 1600 quieverunt..

22 1665 25 1676 ,
61 1601 99 1664 Et
119 1603 251 1685 sequenti
273 1600 321 1664 dic
347 1603 475 1664 omnir
498 1601 586 1663 levita
608 1600 735 1666 diluculo
757 1613 789 1665 ct
813 1613 944 1666 retentor
964 1613 1049 1666 eota

62 1707 180 1762 socero,
206 1697 239 1749 nt
264 1697 321 1750 tour
344 1687 405 1750 cito
426 1707 484 1749 non
505 1685 656 1751 detereret
681 1689 806 1752 convivii
832 1688 1049 1752 iucunditatonr.¹

61 1775 99 1838 Et
124 1774 182 1836 alio
208 1784 239 1837 et
263 1773 351 1836 tortio
377 1772 425 1836 die
452 1795 510 1836 non
535 1776 665 1858 peruicit
693 1785 778 1858 pater
802 1773 1047 1852 odoieeccntuiae,

62 1861 207 1946 proboieei
228 1879 367 1942 gener-uun
383 1880 479 1936 runnu,
498 1859 597 1925 donec
614 1863 726 1924 laetitio
743 1873 774 1925 et
791 1863 886 1944 gratia
903 1864 980 1925 inter
996 1881 1049 1925 cot
1153 1869 1159 1884 '

63 1949 153 2010 orode
170 1957 424 2010 consummaretur.
452 1945 512 2009 Sed
529 1946 578 2011 dio
595 1949 718 2031 eeptinro
737 1967 801 2010 cunr
818 1949 874 2010 iarn
892 1946 929 2010 ad
945 1966 1049 2032 reape-

62 2055 122 2097 rurn
144 2033 305 2096 deuiinuret
325 2031 403 2110 dieo,
429 2045 496 2116 port
520 2053 637 2096 moneas
655 2045 686 2097 et
711 2033 797 2097 iaetu·
812 2035 957 2111 convivio,
984 2055 1048 2098 cunr

62 2131 246 2202 praetexeret
267 2121 404 2182 finitimae
427 2121 521 2182 noetio
542 2121 690 2195 vicinium,
713 2131 744 2182 ut
765 2118 843 2202 opud
864 2141 933 2182 tuoe
953 2123 1049 2204 potina

63 2225 144 2288 epicuru
157 2204 233 2287 opud
247 2217 402 2268 entruueoe
416 2204 654 2302 requieecpndurn
666 2215 792 2289 putaret,
806 2207 934 2290 nequivit
946 2217 1048 2270 tunm

62 2303 93 2355 et
110 2289 216 2354 dimisit
233 2313 288 2358 uno
306 2311 370 2355 curn
388 2291 448 2354 iiiia
464 2312 529 2354 rua.
563 2307 572 2323 ⁸

148 2384 220 2444 did·
254 2377 364 2441 Verum
380 2379 430 2439 ubi
446 2379 525 2440 iuctu
542 2389 589 2440 eet
604 2379 701 2460 aliqua
717 2381 899 2462 progreaeio,
917 2399 981 2442 curn
997 2397 1049 2442 vc·

28 2473 33 2486 '
62 2483 129 2547 opor
145 2465 201 2526 ianr
218 2465 339 2547 propior
354 2474 475 2544 urgeret
491 2475 522 2526 et
538 2466 794 2548 appropinquatum
807 2468 886 2527 ieret
899 2463 937 2527 ad
950 2465 1048 2527 orbona

63 2551 280 2626 lebetaeorunr,
312 2547 427 2612 dicente
453 2551 583 2624 cervulo,
614 2561 647 2612 ut
671 2548 709 2612 od
735 2569 800 2612 cunr
826 2550 957 2612 dourintre
982 2571 1049 2613 auue

63 2639 245 2711 deflecteret,
268 2656 325 2698 nou
342 2635 488 2717 adquievit
505 2634 636 2698 dominun
653 2656 735 2712 eune,
758 2639 825 2718 quia
846 2656 905 2698 non
927 2647 1050 2699 oraton

62 2723 164 2786 divitae
182 2723 304 2784 filiorum
322 2721 427 2798 lornei,
449 2719 502 2784 eed
519 2721 644 2783 intcudit
660 2723 813 2804 pervenire
830 2741 920 2804 unque
940 2721 1049 2796 Gubou,

63 2829 134 2890 quoe
152 2809 336 2871 dubitabatur
351 2827 369 2868 a
386 2807 493 2889 populo
511 2807 602 2868 tribue
619 2807 782 2868 beniamin.
813 2807 879 2870 Nec
897 2818 962 2869 erat
974 2810 1051 2890 quie-

63 2915 154 2977 quum,
173 2895 221 2976 qui
234 2893 421 2956 advenientce
435 2894 582 2974 reciperet
594 2891 731 2976 bospitio,
748 2894 804 2954 niti
816 2895 863 2954 rir
878 2894 1051 2975 peregrinua
1120 2915 1124 2922 ·

63 3001 215 3062 rrogreeea
231 2991 339 3042 oetate-
376 2979 430 3054 Qui
448 2999 512 3040 cunr
526 2977 708 3061 adspexieect
724 2997 777 3042 cot
793 2989 825 3040 et
841 2979 1052 3060 interrogarent

63 3067 191 3129 leuitumr
227 3065 290 3142 Quo
302 3063 394 3140 vadia,
411 3065 457 3127 ved
472 3064 548 3128 unde
559 3067 660 3127 veniet
676 3084 732 3148 quo
750 3063 954 3148 respondente,
973 3063 1049 3146 quod
1098 3135 1101 3142 ¹

63 3165 140 3214 reret
154 3153 250 3214 viator
266 3162 298 3214 et
313 3161 464 3233 repeteret
479 3161 603 3214 uontcnr
616 3150 759 3233 prraenr
774 3162 805 3212 et
821 3170 881 3213 non
897 3161 984 3224 earet,
1002 3149 1049 3231 qui

65 3237 216 3318 colligeret
228 3256 308 3299 cunta
325 3237 484 3318 boepitiuru.
496 3237 525 3298 ei
543 3235 646 3298 obtulit
662 3247 698 3300 et
709 3235 862 3299 adornavit
879 3235 1048 3298 convivium.

148 3311 220 3392 itu.
254 3321 297 3383 At
322 3321 374 3384 ubi
396 3321 515 3383 ratietaa
540 3318 675 3403 epulandi
701 3322 780 3383 iectu
806 3331 852 3382 ert
877 3331 909 3382 et
933 3337 1048 3382 menneo
1146 3317 1158 3333 ⁸

63 3418 206 3481 munuc,
227 3409 374 3470 irruerunt
394 3407 563 3488 peetiientea
578 3407 633 3468 riri
653 3417 684 3468 ct
701 3406 905 3468 circumierunt
925 3403 1048 3467 donrunr.

63 3490 142 3556 'dune
159 3493 261 3555 senior
275 3493 457 3556 biium‘auuro
474 3493 615 3572 virginem
633 3503 664 3554 et
681 3491 867 3574 coaequatum
885 3491 962 3564 eiua,
985 3508 1049 3552 cunr

65 3579 267 3658 pacatione
285 3579 372 3640 redita
389 3587 488 3652 creet„
500 3577 644 3642 oderebut
659 3579 729 3642 viria
746 3577 919 3666 iniquitatir,
941 3585 1050 3664 tpntuuu

65 3682 101 3725 ne
113 3664 156 3727 via
173 3665 354 3747 i'rroparetor
369 3663 485 3748 borpiti.
520 3663 629 3728 Veron
642 3663 691 3727 nbi
704 3683 803 3748 purunr
817 3664 893 3726 ratio
906 3660 1049 3745 procurrit

132 3851 162 3922 a)
179 3855 435 3906 conectuntur.
