2736 4394
147 225 195 316 pp,
233 207 331 276 aaa,
547 209 690 264 sancus
713 208 924 262 cannosu-
948 233 983 280 4,

233 347 335 432 quinus
352 344 483 410 decursis
499 342 599 410 educit
618 349 713 430 pullus
734 350 867 432 letusque
889 347 1027 423 absolsit,
1050 347 1129 412 illico
1144 347 1231 412 alios·

162 479 163 486 κ
232 453 346 582 pungue
368 444 480 516 septem
500 431 564 494 dies
584 415 729 516 adiungit,
752 435 1002 518 quillus-enutriat
1022 446 1121 516 partus
1143 455 1231 510 suos,-

252 540 327 584 encc
357 521 511 603 incipiant¹
527 518 708 583 adolescere.
756 521 821 585 Nec
854 523 966 584 mireris
996 531 1054 582 tam
1086 523 1236 605 exiguum,
1301 555 1303 560 ·

56 647 61 656 ·
129 663 132 668 .
231 607 376 671 nutriendi
393 619 518 690 tempus,
541 626 606 669 cum
624 607 766 669 absolutio
784 610 892 671 l'ctuum
912 619 968 670 mm
986 627 1141 689 paucorum
1160 605 1224 670 die-

231 715 293 758 rum
319 696 366 757 sit.
409 693 530 756 Tantam
556 704 651 756 autern
677 695 810 774 gratiam·
826 695 982 756 minuscula
1005 696 1067 755 aris
1088 693 1233 758 diuinitus.

230 778 368 856 indultam
393 778 497 852 halet,
527 787 561 840 nt
586 778 641 840 lues
667 777 890 860 quatuordecim,
910 779 973 842 dics
999 781 1106 856 nautici
1137 799 1233 863 prae-s

105 909 121 940 a
180 907 184 914 -
231 878 341 929 murtae
362 865 530 929 serenitatis
553 863 727 940 olacrsent,
750 885 822 946 ipsus
844 876 876 928 et
897 865 1085 947 halcyonidas
1106 877 1232 940 vocarat,¹

231 953 333 1036 quilsus
350 953 443 1015 nullos
461 962 554 1013 motus
571 952 753 1032 procellosae
771 953 950 1032 tempestatis
967 951 1149 1015 horrescant.
1228 999 1234 1026 ,κ
1253 989 1255 996 ·
1288 981 1291 988 v

315 1045 368 1106 ll.
399 1035 509 1099 Nouae
521 1057 583 1099 uos·
606 1037 751 1100 ascribas
765 1037 854 1120 pluris
867 1038 956 1098 estisi
980 1034 1119 1100 Dominus
1131 1039 1182 1098 ait.
1194 1039 1233 1114 Ι)’

230 1125 264 1190 Si
286 1127 377 1208 igitur
396 1124 458 1187 asia
479 1059 922 1206 minuscdlac‘cuutemplationa
943 1134 975 1185 et
995 1125 1118 1206 insurgit
1143 1142 1225 1186 maro
1274 1197 1276 1202 ,

230 1224 262 1277 et
286 1222 408 1295 repente
434 1213 632 1292 comprimitur
656 1221 743 1293 atque
770 1230 874 1293 aspera
900 1210 992 1273 hiems
1016 1211 1095 1274 inter
1120 1229 1234 1292 gaves,

114 1353 119 1364 .
229 1299 376 1384 procellas
406 1307 648 1378 tempestatesque
678 1308 829 1359 uentorum
859 1296 988 1377 detergit
1018 1298 1096 1380 coeli
1127 1297 1226 1360 nubila

230 1389 389 1466 lluctosque
412 1383 560 1464 componit
582 1384 732 1445 elementis
755 1382 885 1443 omuibus
907 1383 1001 1444 subito
1024 1383 1118 1444 inlusa
1144 1393 1226 1442 uan-
1260 1449 1262 1454 ¹

230 1471 370 1554 quillitass
389 1479 522 1551 posature
537 1486 722 1549 praesumere
733 1467 851 1540 debeas,
870 1467 998 1542 chamo,
1017 1467 1054 1528 ad
1068 1469 1225 1549 imaginem

229 1557 285 1620 Ilei
302 1556 411 1630 lactus,
434 1553 584 1634 agnoscis,
606 1555 631 1616 si
655 1565 751 1617 minen
772 1554 903 1619 aviculae
921 1555 1004 1616 istius
1022 1553 1108 1616 fidem
1126 1553 1232 1618 studio,

57 1697 62 1704 .
126 1635 153 1668 ”
230 1643 393 1707 devotionis
410 1643 541 1704 imiteris.
578 1640 631 1702 illa
649 1651 835 1722 tempestates
852 1638 953 1703 uideas
971 1641 1139 1724 insurgere,
1157 1659 1232 1714 aaa,
1338 1707 1339 1720 ,

28 1731 33 1742 ’
182 1789 188 1801 ,
228 1732 292 1792 sire
308 1738 426 1802 sentos,
450 1729 528 1790 inter
543 1727 657 1789 lsilcrni
674 1747 762 1789 sacua
779 1747 837 1788 non
854 1739 1011 1790 revocatur
1027 1736 1121 1810 neque
1138 1728 1231 1811 uelle·t
1338 1723 1339 1728 ’

229 1819 333 1889 ctitur,
355 1813 407 1876 sed
430 1815 594 1895 impellitur.
637 1813 769 1895 Denique
792 1813 821 1873 in
844 1813 941 1876 littore
963 1833 1026 1875 sua·
1039 1833 1094 1877 ova
1116 1814 1232 1894 consti-J

229 1903 298 1976 tuit,
320 1901 370 1964 ulti
391 1919 428 1968 ea
446 1901 598 1972 relabente
616 1901 705 1962 lluctu
723 1896 836 1960 madida
854 1896 948 1960 adhuc
966 1919 1055 1962 arena
1074 1901 1224 1982 suscipiat,

170 2047 181 2071 ‚
228 2007 286 2051 nec
313 1990 495 2068 insurgentes
521 1987 638 2060 lluctus,
671 2006 743 2070 quos
770 1986 985 2049 immurmurare
1018 1997 1105 2068 atque
1135 1983 1223 2048 allabi

134 2141 141 2154 ,
228 2073 322 2149 sidet,
344 2071 524 2135 relormidnt.
628 2123 630 2126 .
1145 2149 1147 2152 Ι
1227 2073 1228 2076 ’

314 2165 368 2225 st
389 2157 443 2222 ·Et
464 2177 500 2219 ne
522 2168 620 2238 putes,
644 2153 720 2239 quod
738 2177 857 2218 ovorum
873 2157 1008 2220 videatur
1025 2155 1134 2218 habere
1152 2175 1224 2218 cou-
1278 2181 1285 2200 ·

230 2254 358 2307 temtum.
402 2242 547 2305 Continuo
578 2243 628 2304 ubi
654 2243 823 2324 deposuerit
849 2262 918 2318 eva,
950 2240 1081 2303 nidificat
1111 2252 1142 2303 et
1171 2261 1224 2303 suo
1333 2317 1337 2324 Ι

94 2335 102 2348 “
228 2341 328 2413 partus
350 2347 476 2410 corpore
497 2329 578 2390 loset
603 2347 659 2388 nec
685 2328 770 2388 saluti
792 2330 927 2410 propriae
951 2327 1095 2389 alluvione
1118 2327 1224 2409 littoris

229 2415 421 2496 pertimescit,
443 2411 495 2475 sed
514 2431 617 2474 secura
636 2410 673 2475 de
691 2412 747 2475 Dei
768 2414 879 2493 gratia,
900 2413 995 2476 uentis
1017 2431 1049 2473 se
1072 2414 1225 2472 committit

229 2511 261 2562 et
282 2499 425 2582 lductilsus.
469 2498 581 2576 Parum
599 2508 645 2559 est
670 2499 737 2559 hoc.
780 2498 922 2578 Adiungit
948 2495 1068 2558 totidem
1090 2497 1164 2557 alins
1186 2495 1224 2556 ad

229 2582 410 2647 nutriendum
437 2581 515 2659 dieta
543 2602 599 2645 nec
624 2583 804 2665 interpellari
830 2593 876 2644 tot
901 2575 1004 2646 diebus
1029 2581 1109 2644 inlidi
1136 2581 1230 2644 maris·

180 2703 183 2706 ·
230 2671 463 2752 unaquillitatem
476 2681 596 2732 seretur
607 2679 756 2752 tenutque
769 2663 900 2732 meritum
919 2689 1010 2743 suum,
1029 2678 1149 2730 naturae
1167 2671 1224 2730 iam
1246 2721 1250 2726 .

229 2757 411 2818 solemnitate
433 2755 602 2817 laniatum.'
636 2755 689 2817 illa
708 2765 827 2818 teneros
843 2757 920 2824 letus
942 2775 999 2817 noa
1023 2754 1225 2816 latibulis'ali-

230 2843 331 2924 quibus
348 2841 502 2903 almondit
519 2852 570 2903 aut
585 2841 673 2903 tectis
692 2861 746 2904 nec
764 2840 889 2904 includit
905 2841 1052 2915 cavernis,
1075 2839 1127 2902 sed
1146 2837 1224 2901 nudo

204 2941 207 2946 ’
230 2929 386 3008 auriganti
404 2929 558 2988 committit
574 2926 653 3000 solos
672 2945 727 2988 nec
741 2925 872 2992 delendit
884 2947 902 2989 a
915 2928 1038 3009 luigero,
1055 2925 1108 2988 sat
1125 2925 1225 2988 diuina

231 3014 310 3088 lotu,
333 3032 390 3095 pao
411 3014 502 3093 magis
526 3022 644 3073 caetera
666 3011 969 3095 despiciat,·tutioros
985 3014 1051 3075 lem
1068 3012 1224 3074 existimat.

232 3098 303 3174 Quis
321 3109 448 3159 nestrum
467 3098 602 3180 paruulos
619 3117 687 3159 suos
704 3117 762 3158 nou
779 3091 958 3161 uestimentis
977 3106 1058 3178 tegat
1079 3098 1224 3178 tectisque

231 3180 422 3264 abmondatl·
437 3181 507 3259 Quis
524 3201 582 3244 nen
600 3180 718 3244 claudat
734 3202 786 3244 eos
804 3184 893 3265 septis
911 3181 1129 3245 cubiculorum?
1155 3183 1226 3258 Quia

232 3288 292 3331 noa
308 3270 349 3330 ita
367 3266 525 3348 diligenter
541 3265 666 3350 undique
684 3269 827 3330 lenestras
846 3268 985 3342 oisuuat,
1004 3287 1041 3329 ne
1060 3287 1115 3351 qua
1132 3269 1228 3350 possit

231 3373 303 3434 aura
324 3353 371 3415 sel
398 3353 544 3430 levites-⁸)
565 3347 740 3437 penetrare?
770 3353 888 3417 'llerito
916 3374 988 3436 quos
1013 3365 1077 3414 tam
1097 3351 1224 3416 sollicito
1282 3389 1304 3431 ,ι

232 3439 374 3503 induimus
403 3459 439 3502 ac
465 3441 608 3514 levemus,
639 3442 770 3506 exuimus
800 3459 852 3504 eos
882 3441 1054 3504 clementiae
1086 3441 1224 3502 coelestis

232 3527 397 3601 involucres
423 3521 549 3610 halcyon
574 3547 646 3608 sero
673 3547 745 3610 guen
771 3521 862 3589 nudos
887 3527 1019 3613 proiicit,
1047 3545 1099 3588 ees
1125 3523 1225 3588 divino

233 3613 321 3676 satit
341 3609 518 3676 ludumeato.
850 3640 852 3648 ·
1014 3633 1019 3641 ’
1197 3615 1202 3636 ²
1223 3645 1226 3654 v

303 3803 331 3874 t)
341 3805 434 3858 usses.
442 3809 485 3872 tt,
494 3806 537 3860 Μ.
585 3804 614 3878 2)
624 3807 701 3859 colu.
712 3809 780 3874 lalps.
789 3811 881 3867 serus:
896 3766 947 3862 ssi
959 3807 1080 3860 leslter
1092 3778 1227 3864 emittunt:
