2736 4394
352 215 638 270 urnannrrnnrc.
670 216 789 269 nonne
808 217 840 269 v.
1012 214 1094 276 m

101 353 231 424 aetherel
248 353 324 417 illinc
342 354 475 438 corporis
491 355 579 416 ction
595 356 651 417 iate
667 363 735 431 aer,
753 373 837 437 quen
853 373 1002 440 perronna
1018 375 1093 420 nen·

100 447 136 510 lia
153 439 414 526 comprehendere,
436 441 519 524 quani
541 443 668 504 enarinr
688 451 721 504 et
740 439 859 507 lcaaior
874 444 967 507 ricem
984 444 1093 506 habeat
1201 449 1205 457 '

100 527 279 595 firmamenti.
599 559 602 566 ·
828 543 832 552 ·

184 621 238 682 71¹.
272 613 359 680 Nunc
377 613 443 697 quia
458 609 597 690 tinum,
620 631 694 698 qnae
711 615 843 678 volatilia
859 633 944 697 qnan
960 625 1091 678 naturanr

99 703 226 767 labeant
242 713 274 765 et
290 703 427 784 gratim
446 709 477 762 et
493 719 531 764 ca
546 720 642 784 panca
658 700 695 764 ‹le
712 702 824 764 nultinr
841 733 888 750 -
903 718 998 784 neque
1014 703 1091 764 eninr

99 798 184 852 vacat
205 789 339 850 nnivoran
356 785 540 861 describere,
563 807 628 850 cnon
649 789 708 850 aiut
727 789 832 849 sinilia
853 797 940 869 atque
962 786 1091 850 oinalenr

100 875 230 958 generiap
247 907 293 923 -
313 885 410 936 tannen
431 889 500 935 aree
521 874 617 956 ipsae,
640 893 724 958 quan
745 873 823 936 inter
843 891 876 935 ae
894 869 1093 936 diversitatem

99 961 234 1034 habeant,
252 959 480 1024 consideremu-
515 959 678 1022 inreclnue
695 961 771 1023 criu
789 960 916 1024 cornicle
933 956 1024 1042 pelea
1038 977 1094 1022 rn-

99 1050 142 1113 lnt
166 1045 333 1131 qnilrnarlarn
359 1046 458 1129 tipicis
484 1042 657 1109 dictantibus
682 1056 833 1128 reparator
858 1056 945 1126 atque
972 1041 1093 1118 divinoe,

99 1151 250 1198 corrornrn
272 1149 385 1216 qnoque
411 1143 498 1215 otqnc
523 1132 666 1216 pullorum
692 1133 816 1211 cliter¹)
843 1129 929 1195 etiarn
952 1131 1094 1194 formator

98 1239 118 1283 a
141 1228 244 1282 natura
274 1217 379 1301 poleac
414 1221 523 1294 annu,
558 1237 633 1302 quae
668 1236 757 1282 earm
789 1228 960 1292 vescuntur,
996 1216 1093 1280 cerni·

99 1325 160 1367 nna
186 1305 267 1388 quani
293 1307 428 1368 incurvos
453 1315 540 1387 atque
567 1305 695 1368 sinuatos
725 1321 761 1365 ae
786 1305 867 1368 velot
891 1301 930 1366 atl
954 1300 1094 1385 praedant

98 1400 226 1474 parator.
271 1387 334 1452 Eoo
350 1409 437 1465 vero,
460 1409 534 1472 quoe
552 1389 670 1453 mundi
693 1388 801 1452 lnalncnt
821 1409 902 1452 neura
920 1399 953 1452 et
969 1405 1095 1456 conene-

98 1475 242 1551 tudinem,
273 1474 348 1538 lator
378 1474 487 1538 tanen
512 1472 604 1558 pelea
628 1485 661 1538 ct
687 1475 852 1538 menbrana
878 1471 999 1556 qondam
1025 1475 1093 1536 llloa

86 1559 207 1643 digitos
237 1559 356 1643 pednnr·
372 1560 429 1624 ailnl
448 1559 611 1643 copulator
636 1572 723 1642 atque
750 1562 931 1623 coniunctoa.
953 1589 956 1596 ⁴
975 1559 1009 1622 lu
1034 1579 1092 1642 qno

98 1645 275 1712 ntutnbtttn
292 1657 375 1730 patet
391 1647 467 1709 ratio
485 1657 617 1722 utone,
635 1657 668 1709 nt
683 1658 716 1710 et
733 1646 802 1710 illae
819 1645 858 1709 acl
875 1643 1027 1708 rolaalnnr
1043 1643 1094 1708 vel

98 1733 136 1799 nt
161 1731 331 1816 rapinnrlono
359 1735 453 1807 cibun
480 1753 533 1796 unu
559 1732 748 1797 nceenruorlo
769 1735 939 1805 iniciuntur,
966 1741 999 1795 ct
1019 1733 1094 1794 iatae

98 1818 136 1883 ad
161 1818 318 1882 natandum
340 1818 507 1882 adiumenta
528 1819 656 1882 lrabeont
677 1820 886 1902 competentia,
913 1837 970 1900 qno
991 1819 1094 1881 melina

97 1907 179 1989 aquia
204 1907 316 1990 poneiut
340 1915 544 1988 supernatare,
576 1916 608 1968 et
633 1907 729 1988 qunti,
744 1907 832 1968 remia
858 1901 1025 1986 quibnadaur
1050 1907 1094 1968 ita

97 1991 219 2074 peiilrna
236 1993 310 2066 onir,
332 1993 517 2056 nnenrhrnnee
533 1992 611 2054 illino
629 1993 801 2054 eateneinae
819 1989 984 2066 latior-lina,
1002 2009 1092 2074 aqna·

97 2097 161 2141 run
178 2079 285 2141 lineata
302 2078 480 2160 propulsent.

183 2170 236 2231 75.
273 2163 391 2246 Cygnus
414 2182 528 2248 quoqne
550 2181 604 2226 cnr
627 2163 799 2245 proceriore
822 2163 899 2226 collo
921 2173 1033 2238 ututur,
1059 2167 1092 2228 in

98 2261 212 2334 promtu
230 2261 285 2325 eat,
305 2260 336 2312 nt
353 2251 421 2332 qnia
439 2261 485 2332 ent
500 2249 645 2334 pnnlnlnrn
659 2252 779 2330 aequior
791 2268 916 2332 corporo
934 2269 990 2312 nec
1003 2251 1091 2315 facile

97 2345 195 2420 potent
217 2354 354 2420 aqnnrnor
376 2337 516 2398 inferiora
537 2345 708 2419 penetrare,
731 2337 874 2400 eervieorn
893 2335 1032 2400 umnec
1051 2335 1091 2402 at

98 2421 250 2506 praedant,
273 2441 347 2505 qnae
365 2423 445 2505 quati
463 2423 582 2505 praevia
599 2422 703 2504 reliqui
721 2422 854 2504 corporie
871 2443 983 2497 cecum,
1006 2443 1091 2505 qnana

98 2509 255 2582 invenerit,
281 2509 377 2591 rapiat
397 2515 590 2590 atqco'crnat
611 2528 630 2571 e
651 2507 806 2590 profundo.
847 2507 934 2572 Atto
956 2519 989 2572 ct
1009 2508 1090 2584 mut.

100 2595 166 2676 qnia
187 2594 304 2657 auarior
324 2605 355 2656 et
375 2597 468 2674 magle
490 2613 614 2656 cenom
640 2613 694 2676 per
715 2613 840 2676 procera
862 2593 993 2657 undnloe
1014 2595 1091 2658 colla

99 2679 283 2759 dietiugnitnr
304 2689 336 2742 et
357 2680 489 2760 longiore
507 2681 718 2743 exercitatione
736 2681 837 2762 pnrioc
854 2679 941 2760 longe
958 2681 1089 2742 reenltat.

183 2771 236 2834 76.
273 2763 362 2840 Quane
377 2763 469 2829 dulcia
486 2767 573 2828 etium
591 2767 621 2826 in
638 2766 745 2845 exigno
759 2762 870 2835 clearlie¹
887 2775 1004 2846 gutture
1021 2783 1091 2827 enn-

100 2851 202 2926 etone,
221 2870 338 2933 quarnrn
357 2852 490 2913 cautibus
507 2849 603 2914 melio
621 2862 703 2913 aertn
721 2851 839 2912 arbusta
856 2859 1033 2933 rumpuntur,
1051 2869 1089 2916 en

101 2935 177 3020 qnorl
201 2939 294 3018 magia
320 2955 447 3000 canorae
473 2935 639 2999 meridiania
666 2936 826 3010 colonilem,
857 2954 914 3016 qno
942 2936 1089 3019 puriorern
1191 2967 1196 2974 ·

100 3039 197 3084 acron
222 3021 253 3084 il
281 3024 419 3104 temporie
444 3024 593 3086 attrahunt
618 3021 734 3104 spiritu,
761 3041 798 3084 eo
825 3032 927 3084 eontno
952 3030 1091 3084 remeant

101 3109 250 3170 elorinrea.
285 3106 351 3172 Nee
370 3129 440 3192 oper
457 3111 537 3191 ipeae
555 3111 673 3172 inenave
691 3104 825 3190 quiddam
842 3118 963 3183 cannete
981 3106 1091 3170 halent

101 3195 175 3256 eninr
197 3205 308 3275 grutam
331 3197 360 3256 in
381 3213 473 3257 rauco
494 3195 546 3256 illo
563 3195 645 3257 recia
661 3213 732 3257 anae
750 3212 892 3258 murmure
909 3197 1088 3266 enaritaten,

102 3297 183 3360 qnam
208 3300 263 3342 uos
288 3281 384 3342 lracto
410 3280 540 3342 tolerunt
566 3279 662 3342 annito
688 3280 793 3342 lentina
817 3283 938 3362 prirnunr
958 3278 1091 3341 viderant·

101 3364 220 3440 inituri,
243 3385 300 3447 qno
318 3367 432 3449 crepitu
450 3365 486 3428 orl
505 3351 676 3428 excitarint
692 3365 804 3427 animoa
825 3369 855 3428 iu
871 3366 1002 3448 vigorem
1018 3362 1089 3426 nihil

101 3451 194 3531 aptina
214 3451 391 3514 aeatirnatnr.
435 3451 475 3514 Et
499 3453 573 3514 haee
600 3451 657 3514 illie
682 3451 779 3532 qratia
798 3462 910 3525 manet,
937 3469 1001 3514 eura
1025 3447 1090 3532 pul·

101 3553 213 3597 nonen
230 3535 450 3620 respirandique
467 3556 567 3600 nunna
583 3548 670 3620 atque
687 3548 768 3600 nnn'rn
785 3555 962 3620 nequaquan
980 3535 1089 3600 habere
1193 3593 1201 3609 ,

100 3618 275 3701 produntur,
292 3620 349 3686 aerl
361 3625 444 3687 aerio
461 3625 541 3688 reaci
559 3624 724 3708 spiramine.
767 3621 898 3708 lienique
915 3623 946 3688 ai'
958 3624 1021 3708 qnia
1037 3639 1090 3688 eae

105 3743 319 3767 ἡ

138 3809 142 3820 ’
168 3805 198 3872 ¹)
214 3807 295 3864 0011.
307 3812 391 3878 laipno
407 3815 440 3866 at
457 3815 536 3867 lltea
553 3815 688 3866 tornatos

304 3899 317 3935 r
