2768 4412
326 283 609 338 EEXABMEBON·
641 287 756 339 utuntt
774 290 828 341 lll-
1009 283 1068 350 Β

93 425 156 500 detq
186 420 238 485 aed
262 437 360 481 omnen
385 438 418 480 aa
443 421 564 481 invicem
590 418 724 502 diligant,
754 440 853 484 omnen
882 441 914 486 ae
942 423 1068 489 latim

91 505 208 571 loucoot
229 515 260 566 ct
280 502 361 586 quati
382 505 466 563 unum
488 524 593 587 corpua
614 505 729 568 diverto
749 525 781 568 ae
801 507 929 568 membra
953 519 1068 572 emtam

92 603 167 668 tcutq
190 608 260 672 quoa
280 607 338 648 non
361 587 501 650 mortiferi
524 593 675 670 cantue,¹)
698 601 730 652 et
749 601 914 652 acroamata
934 595 1067 655 cronico·

92 697 166 748 rum,
193 692 265 754 quae
290 682 413 734 mentam
440 673 587 735 emolliant
610 673 648 736 ad
673 693 801 750 amorca,
832 673 884 736 aed
910 686 1067 741 concontua

92 759 233 824 ccclesiae
255 767 286 818 ot
306 775 434 818 consona
457 759 536 819 circa
556 757 612 820 ilci
637 756 737 821 laudea
762 759 860 840 populi
884 777 942 821 vox
963 771 994 822 et
1018 761 1068 843 pio

90 846 148 908 vite
165 840 304 916 dclactot3
326 840 427 922 quibua
443 860 501 902 non
521 861 663 923 purpurea
684 843 920 924 peripetasmata,
941 863 1000 905 non
1016 863 1068 906 ao·

88 929 155 996 loco
171 927 297 1004 pretiosa
314 935 446 1005 spectare
463 925 602 1006 voluptati
619 928 671 999 ait,
689 925 741 987 aod
758 927 832 988 banc
848 926 1068 1008 pulcherrimam
1126 955 1148 985 .·

90 1006 184 1076 muudi
200 1009 353 1082 lubricam,
376 1007 450 1078 bano
467 1006 629 1070 dictantium
651 1011 728 1072 inter
743 1029 775 1072 ae
793 1011 999 1074 elomentorum
1017 1029 1091 1082 co·,

87 1095 197 1180 pulam,
219 1093 331 1155 conium
348 1095 423 1156 aicut
439 1111 581 1156 cameram
599 1105 761 1169 artronum,
783 1107 816 1158 ut
830 1095 1020 1159 inhabitantes
1036 1097 1069 1159 in
1123 1157 1127 1164 .

90 1176 270 1246 boemundo
294 1187 387 1257 that,
413 1188 519 1238 torrem
545 1177 779 1260 adoperandum
802 1179 910 1254 datam,
937 1179 1069 1242 dilinaum

91 1281 200 1335 nomm,
231 1261 328 1323 clauae
349 1263 458 1336 maria,
488 1263 623 1344 populum
648 1263 724 1325 bunc
751 1263 865 1326 divinae
891 1264 1070 1345 oparatiooia

92 1365 242 1426 organum,
265 1347 294 1407 io
313 1366 369 1428 quo
386 1345 475 1408 divini
495 1345 676 1409 modulamen
697 1349 820 1410 reaultet
839 1347 949 1409 oraculi
965 1358 997 1408 ct
1013 1345 1069 1408 lloi

90 1433 205 1512 apiritue
223 1432 298 1491 intua
315 1441 465 1512 oporatur,
482 1433 621 1513 'templum
643 1431 718 1494 iatud
739 1433 894 1494 aerarium
910 1431 1069 1506 Trinitatir,

91 1515 249 1577 aonctitatia
266 1512 452 1588 domicilium,
470 1515 624 1576 eccleciam
642 1525 783 1588 tuocum,
805 1517 835 1576 in
853 1534 909 1598 qua
925 1515 1070 1593 refulgent

90 1599 189 1661 colace
203 1598 351 1670 cocleatio,
370 1596 407 1659 do
425 1597 525 1678 quibua
538 1596 644 1659 dictum
662 1609 721 1660 aatr
747 1599 843 1660 Dilata
861 1599 954 1661 locum
972 1599 1069 1659 taber·

90 1683 253 1746 nacolnrum
270 1693 382 1742 tuorum
400 1692 431 1742 ct
447 1682 611 1744 aulaaomm
628 1685 793 1759 tuorum,²)
811 1683 879 1761 bgc,
896 1700 933 1742 ne
949 1699 1069 1764 porcaaq

85 1769 236 1846 ‘longiores
252 1767 300 1827 lac
317 1765 459 1826 iuniculoa
478 1777 543 1826 tuoa
560 1777 592 1827 ot
611 1764 693 1845 palor
714 1777 780 1827 tuoa
801 1766 952 1840 confirmer
974 1763 1069 1826 adbuc
1092 1771 1095 1776 '

89 1853 118 1913 in
141 1849 287 1912 dextoram
309 1859 340 1911 et
360 1850 501 1910 sinistram
523 1847 662 1924 extendeq
689 1860 721 1912 et
741 1869 838 1912 aemon
864 1861 942 1911 tuum
966 1857 1071 1928 genta

89 1933 268 1998 haereditate
291 1931 453 2015 poaaidcbit
478 1945 510 1996 et
534 1934 666 1995 eivitatca
692 1931 822 1995 deacrtaa
847 1932 1069 2009 inbnbitnbia.⁸)

89 2017 184 2082 llnbct
208 2037 280 2099 erqo
306 2019 421 2092 aulaeo,
447 2019 548 2100 quibua
569 2017 676 2081 attollit
695 2019 783 2080 vitum
803 2017 921 2092 bonan,
946 2025 1071 2099 peccam

89 2105 175 2186 tagit,
194 2104 304 2187 colpum
322 2103 481 2167 obumbrat.

172 2195 202 2258 tt.
239 2190 318 2252 llnoc
336 2200 382 2251 cat
398 2191 533 2264 ccclesia,
607 2206 729 2270 aaupcr
740 2191 831 2251 maria
843 2187 961 2250 fundata
977 2197 1071 2251 natet

89 2294 175 2357 anpcr
191 2277 305 2338 tlumina
321 2287 504 2359 praeparato.
573 2293 644 2355 upra
662 2293 716 2336 voa
737 2275 813 2336 enim
834 2273 1002 2336 confirmata
1023 2283 1070 2335 eat

21 2411 22 2414 ,
89 2371 120 2423 ct
135 2371 320 2444 prccporuto,
344 2363 391 2441 qui
412 2361 487 2422 aicut
504 2361 619 2422 iluminn
639 2379 712 2442 puro
735 2361 764 2422 in
786 2378 849 2422 cam
871 2357 967 2421 mundi
989 2359 1070 2420 l'onta

88 2444 254 2521 decurritis,
273 2444 309 2508 de
328 2446 428 2528 quibua
446 2443 552 2507 dictum
570 2454 628 2506 eat:
654 2444 847 2507 Eleuuterunt
863 2445 991 2518 flumina,
1009 2439 1071 2504 lto·

47 2583 50 2592 .
88 2532 176 2606 mine,
207 2533 392 2593 elevavcmmt
416 2530 531 2590 flumina
555 2547 657 2590 vocem
688 2548 766 2590 auam
791 2547 810 2589 a
833 2546 908 2590 voce
934 2545 1070 2609 aquarum

89 2616 246 2677 multorum.
289 2613 328 2675 Et
349 2611 474 2676 addidit:
507 2611 656 2676 blimbilea
674 2613 816 2676 clationea
832 2611 932 2686 maria,
953 2609 1070 2673 mirabi-

86 2699 124 2766 lia
140 2699 310 2774 in-cxcolaia
323 2695 470 2760 Dominua.
478 2699 508 2774 ⁴)
543 2697 626 2760 Boon
641 2699 770 2774 lluminaq
788 2697 923 2760 bonaiatia
939 2697 1014 2772 anim
1032 2714 1071 2758 ex

90 2783 138 2844 illo
163 2783 283 2865 perenni
309 2792 341 2844 at
364 2784 452 2864 pleno
473 2784 569 2855 ionte,
595 2801 651 2864 quo
674 2780 813 2858 initia,⁸)
840 2781 888 2861 qui
910 2781 952 2842 ait
971 2779 1069 2842 vobiac
1145 2843 1152 2852 ‚

91 2867 142 2942 Qui
164 2867 259 2930 credit
278 2867 309 2928 in
330 2885 390 2941 me,
406 2868 488 2928 -aicut
508 2863 580 2928 dicit
602 2866 759 2947 scripturo,
783 2865 897 2925 flumina
913 2862 951 2925 de
967 2875 1069 2927 ventre

87 2953 149 3016 eiua
166 2954 255 3014 duent
271 2967 363 3032 aquac
380 2949 512 3024 vivam)
557 2947 621 3016 lloc
644 2959 737 3012 autom
761 2947 877 3012 dicebat
898 2946 935 3010 de
956 2948 1069 3031 apiritn,

108 3055 170 3097 uem
195 3035 373 3118 incipiebant
397 3035 547 3119 accipere,
579 3035 627 3116 qui
654 3031 790 3096 credituri
822 3043 905 3096 crant
934 3031 964 3093 in
993 3050 1068 3095 enm.

125 3118 147 3222 'd
169 3121 224 3182 iam
247 3121 327 3204 quaai
347 3119 417 3184 boni
435 3117 566 3188 lardaria
581 3119 690 3186 tuonu
705 3118 886 3210 revertimini
906 3136 1017 3182 mecum
1037 3117 1069 3180 ia

90 3223 237 3286 orugtnam.

91 3361 300 3386 -ι-ιι-ιι.

154 3478 184 3544 t)
202 3481 279 3530 colb.
297 3481 410 3544 qninque
426 3481 509 3544 noan
531 3495 566 3535 m.
582 3483 675 3531 cuntur
696 3459 892 3529 acromatum
915 3443 1067 3530 aeanlanss

88 3557 162 3598 rum.
232 3549 261 3614 2)
282 3549 351 3602 Edit.
373 3553 453 3614 Augu
477 3554 504 3600 at
527 3549 705 3600 rabinorum
730 3545 841 3597 claeon
866 3545 930 3610 dgr,
956 3555 990 3595 tta
1014 3547 1068 3602 ata,

89 3611 116 3675 b)
132 3617 180 3668 lea.
198 3619 243 3682 ta,
261 3621 285 3670 2
303 3619 327 3668 Ι.
395 3619 424 3682 l)
441 3619 483 3670 l’a.
502 3619 549 3680 2⁸,
567 3620 592 3670 8.
609 3617 635 3668 4.
704 3613 733 3678 b)
749 3615 789 3664 lta
807 3613 962 3676 bencdicttq
980 3615 1066 3663 contr.

87 3681 158 3734 call.
172 3686 283 3750 qntnqua
295 3687 378 3750 btpnr
398 3701 449 3750 quo
471 3686 550 3738 ttutt
570 3685 611 3752 ta,
631 3683 685 3751 qut
704 3683 744 3734 att
759 3683 846 3746 aotta'q
867 3681 940 3743 adttt.
955 3680 1066 3742 uutqna
1176 3711 1179 3720 ·

53 3807 57 3814 ,
87 3749 261 3814 Alit-Atuarb.
279 3755 397 3818 aliaeque
414 3756 549 3818 antiquane
572 3769 590 3806 a
611 3764 672 3818 qua
692 3751 817 3818 llnltla,
841 3751 923 3816 qaod
943 3749 1065 3806 ilultlrc

85 3819 193 3878 quota.
260 3821 452 3890 otakaro.
507 3870 509 3878 Α
