2768 4412
323 255 606 312 ιιιιιιιιιιιιιιοιι.
638 257 753 311 arene
772 261 824 310 ιιι
1016 259 1080 324 st:

88 393 254 485 Ampgdalla
271 383 384 475 quoquo
400 392 457 454 hoc
474 411 583 473 genere
600 391 738 458 medicari
754 393 886 458 leruntnr
907 397 1080 476 amiculam

88 499 121 552 nt
137 506 174 549 ex
189 481 293 544 amaris
310 476 410 540 dulces
427 477 497 538 iant
512 477 632 552 ductus,
649 489 682 540 ut
698 489 730 541 et
746 479 894 544 terebrent
909 483 972 545 eins
989 480 1066 546 radi·

89 588 152 637 cem
173 566 285 630 arboris
305 572 337 625 et
357 563 387 623 in
408 560 530 625 medium
552 563 681 624 inserant
700 565 843 625 surculum
865 566 927 627 eius
944 567 1064 640 ardoris,

90 675 170 740 quam
190 649 294 714 Graeci
316 641 436 730 crispo,
457 666 510 708 uos
531 648 642 729 piceam
659 646 794 723 dicimusp
817 669 873 731 quo
890 650 969 712 iacto
986 653 1066 714 succi

89 734 246 806 amaritudo
269 731 432 814 deponitur.
475 731 555 814 Ergo
581 735 606 795 si
632 733 807 813 agricultura
833 737 977 798 convertit
1000 737 1068 800 stle-

89 828 164 911 pium
177 821 338 903 quolitatee,
356 836 451 879 nonne
467 818 562 880 studia
575 817 724 880 doctrinae
743 829 774 880 et
790 817 958 902 disciplinae
975 833 1068 884 atten-

90 913 131 974 tio
144 909 275 988 mitigare
288 915 407 986 possunt
420 904 561 986 quaslibet
573 901 768 986 aegritudines
781 907 961 986 passionum?
975 906 1076 976 Nemo,

91 991 397 1143 ttrttltttll:
410 989 1070 1158 tiltttltglllitttttttllt:

90 1172 239 1228 vertuntur
255 1178 322 1223 usus
339 1170 370 1220 et
387 1179 445 1220 uon
462 1170 582 1242 possunt
597 1159 741 1221 hominum
759 1159 849 1222 corda
865 1164 986 1224 munrii
1072 1225 1074 1228 .

173 1251 226 1313 dl·
261 1244 416 1308 llocnimns
429 1265 486 1306 non
499 1245 590 1306 solnm
608 1247 685 1306 inter
697 1242 803 1308 diversi
820 1248 935 1327 generis
951 1246 1071 1311 ardores

92 1351 154 1398 esee
172 1333 313 1394 fruetuum
331 1329 529 1402 diversitates,
551 1328 602 1391 sed
625 1331 791 1412 plerumque
808 1333 838 1392 iu
854 1331 956 1394 eadem
973 1334 1094 1414 specio,

92 1418 222 1482 ιιιοιιιι
236 1435 429 1498 compugnare
443 1415 498 1476 silei
511 1415 630 1477 fructus.
663 1415 731 1500 atta
744 1418 818 1478 enim
832 1418 945 1498 specics
962 1437 1074 1480 mamu-

91 1505 195 1577 lornm,
217 1503 275 1565 alis
296 1503 483 1563 femineorum
505 1500 662 1574 ductuum,
688 1502 764 1562 sicut
784 1500 821 1564 de
843 1500 966 1584 dactylis
987 1521 1073 1584 snpra

92 1589 220 1652 diximus.
273 1586 343 1663 Quis
371 1597 466 1648 autem
496 1587 589 1668 possit
618 1585 863 1668 comprehendere
893 1589 1072 1662 varietatene,

91 1675 215 1757 speciem
233 1675 410 1755 gratiamque
428 1691 585 1753 pomorum,
603 1672 778 1752 singulorum
792 1691 905 1754 quoqne
921 1674 1073 1736 utilitatem

91 1762 231 1824 lructuum
248 1776 456 1840 succorumque
477 1758 697 1840 proprietatem,
720 1777 793 1839 quae
816 1759 919 1840 cuique
941 1759 987 1838 rei
1006 1769 1074 1843 apta
1203 1793 1214 1814 ι
1352 1765 1353 1772 ’

52 1888 57 1898 -
90 1844 253 1919 videantur,
276 1839 509 1926 quemadmodum
532 1843 630 1924 aegris
649 1844 808 1906 visceribus
829 1843 973 1906 lominum
994 1863 1074 1908 ama·

92 1933 169 1994 riora
190 1949 275 2014 pome
296 1927 476 1993 medicentur
492 1938 525 1992 et
540 1929 716 1991 imilationem
737 1931 977 2014 asperitatemque
998 1930 1073 1993 iute-

91 2019 197 2080 riorum
219 2025 393 2098 temperent,
421 2013 655 2098 quemadmodum
680 2033 777 2077 rursus
803 2014 949 2077 dumorum
970 2034 1074 2098 aspera

91 2123 239 2185 pomorum
268 2100 401 2164 dulcibus
434 2103 648 2182 temperentur?
697 2099 828 2182 Denique
863 2119 899 2162 ea
932 2099 1074 2166 medicina

91 2188 249 2268 antiquior,
273 2205 346 2268 quse
363 2186 461 2249 lueriis
479 2205 582 2248 cnmre
601 2187 750 2248 consuerit
766 2195 798 2247 et
813 2187 921 2274 sucum,
944 2205 999 2249 nec
1015 2186 1074 2249 ulla

92 2273 199 2334 tirmior
220 2273 342 2345 sanius,
364 2291 448 2354 quam
466 2290 539 2352 qnae
556 2271 717 2334 mlubnilus
733 2272 906 2333 relormatnr
921 2272 1073 2334 alimentis.

91 2355 173 2420 Unde
199 2356 354 2419 secundum
381 2368 511 2418 naturam
538 2355 690 2439 docemur,
718 2359 784 2438 quis
809 2355 872 2418 sels
896 2356 980 2418 nolsis
1006 2375 1075 2422 esus

90 2439 233 2504 medicina
249 2451 305 2503 est.
341 2441 445 2504 llerlsis
458 2452 539 2503 certe
553 2442 653 2502 ulcera
665 2451 768 2522 aperta
782 2440 960 2514 clauduntur,
978 2441 1075 2504 lterlsis

93 2537 227 2589 curentur
247 2528 371 2587 interne.
414 2525 541 2606 ldeoque
559 2523 735 2586 medicorum
752 2535 798 2587 est
815 2544 901 2607 opus,
922 2525 1075 2588 herbam

91 2615 249 2694 potestates
265 2629 399 2672 umere.
443 2609 517 2672 ilinc
535 2612 609 2672 enim
627 2607 759 2670 medendi
777 2629 844 2671 usus
861 2609 997 2694 inolesti,
1045 2657 1063 2671 ..

93 2813 134 2865 vs
149 2815 302 2878 simpliciaco
320 2827 455 2878 persnas
463 2733 820 2878 csllqfflc’sllslldcxxi·rerupus
836 2809 1012 2872 dtmsdtatap
1033 2811 1078 2861 edi

122 2877 1077 2952 prarepummprpursotufimsepumosemsamm
1210 2955 1216 2967 ·
1273 2957 1277 2964 Ι
1332 2861 1353 2939 ,ἒ

119 2949 218 3016 fiqsrlc
235 2951 386 3014 monster.

176 3041 228 3101 us.
263 3031 325 3096 Sed
342 3043 374 3094 nt
390 3031 428 3095 ed
445 3033 585 3116 simplicis
601 3050 688 3114 poma
703 3049 872 3093 revocemus
888 3029 997 3102 stilum,
1018 3030 1077 3095 alia

94 3130 170 3194 suut,
192 3137 266 3202 quoe
284 3129 445 3200 coquuntur
466 3119 543 3191 sole,
566 3117 639 3190 alia,
661 3133 735 3198 quse
753 3116 836 3178 testis
852 3126 902 3176 aut
919 3115 1076 3178 corticibus

95 3205 190 3265 cleosa
207 3205 397 3286 complentur.
439 3202 518 3264 dlala
540 3211 575 3263 et‘
593 3202 671 3283 pira,
693 3219 811 3262 uvarum
830 3218 944 3280 ,quoqne
967 3217 1077 3279 genere

96 3290 187 3350 omnio
208 3286 284 3349 nuda
305 3288 422 3349 obiecta
442 3296 509 3349 sunt
528 3287 598 3362 solip
624 3285 707 3348 nucis
731 3295 827 3347 sutem
848 3294 881 3362 et
901 3285 1075 3360 nucleae,¹)

95 3373 188 3435 nuclei
209 3389 323 3456 qnoque
345 3372 528 3447 ductumet
547 3381 624 3434 testa
645 3379 763 3452 opertus
784 3379 817 3432 et
836 3367 964 3442 cortice,
989 3368 1077 3432 alitur
1137 3437 1145 3447 ,

98 3477 308 3496 ψ

126 3529 134 3551 ’
160 3541 190 3605 t)
208 3543 247 3594 tta
260 3557 320 3606 para
332 3543 422 3596 ituros.
430 3557 542 3608 sam-ap.
550 3542 692 3595 Bendlctt.
700 3544 728 3594 st
740 3539 854 3604 qstaquo
866 3537 940 3590 codd
947 3539 1031 3604 uper
1048 3539 1076 3594 la

95 3621 145 3670 qua
161 3613 248 3662 umen
265 3611 379 3665 leetluue
396 3625 486 3664 rocam
502 3613 636 3664 noolsas
654 3613 682 3662 ln
697 3609 836 3662 maculae
852 3607 1000 3658 mumdum
1017 3621 1076 3658 csso

96 3678 213 3731 contlclo.
246 3679 327 3732 Editt.
340 3681 407 3745 Auq.
419 3679 570 3731 durasset.
583 3681 714 3742 albaco:
731 3677 808 3728 nacla
823 3679 910 3728 ιιῑιιι
927 3679 959 3728 st
974 3675 1076 3727 aedas

94 3745 228 3818 noctetqus
245 3749 347 3800 motas
364 3755 431 3812 ste,
456 3751 574 3801 itomaaa
591 3748 714 3812 ᾶιιιιιιιιι
737 3745 814 3823 nuqla
834 3746 940 3796 sate·
960 3745 1076 3810 plsaae

94 3813 295 3878 aseniaeqoa
310 3817 421 3867 metus
451 3817 454 3826 '
490 3815 493 3822 ‘
564 3823 567 3832 ’
843 3853 845 3858 -
1080 3807 1095 3837 ⁸
