2736 4394
312 247 599 305 nnxnnmnnort.
632 250 748 303 arnna
767 249 800 306 u.
870 315 874 322 ¹
980 226 1051 312 nr

60 392 169 468 videns,
181 389 306 452 'rbenma
319 384 462 470 quoddam
475 395 556 467 ess'eq
573 391 615 454 ite
630 395 772 473 proruunt
787 389 1050 474 fluctusque'lnter·

61 490 170 553 mount,
188 496 242 559 per
254 473 460 556 Propontidem
473 477 504 538 in
516 474 657 540 Euxinum
670 487 788 558 pontum
800 478 928 540 violento
943 479 1049 562 impetu

50 568 246 653 'prolluentoe
282 560 352 638 Quia
369 561 498 644 pisolbus
514 563 587 627 baee
598 563 752 626 'annuntiat
764 563 840 638 lona,
858 567 1048 648 praecepit¹t

62 653 211 736 temporat
243 647 313 726 Qut·
327 647 428 710 tribuit
440 646 656 731 dispositionem
669 646 777 723 viandi,
795 649 952 714 comitandi
970 649 1050 714 ordi·

62 759 140 814 nem,
157 747 249 800 metas
265 744 297 796 et
314 745 445 818 tempora
461 735 648 800 revertendi?
680 733 819 808 llomines
832 757 912 798 sunm
926 739 1050 821 impera·

62 839 151 891 torem
169 823 285 897 babent,
304 822 386 884 euius
399 825 585 904 exspectatur
596 823 760 908 imperium
778 821 915 906 procedit
926 835 1048 898 torsera,
1106 887 1109 896 ,

62 919 257 997 proponuntur
276 904 376 970 edieto
396 910 636 990 prouincialibus,
662 918 696 972 nt
716 911 903 984 conueniant,
927 909 1049 972 tribunis

62 999 177 1062 militum
195 996 309 1058 litterae
324 992 496 1075 diriguntur,
515 993 578 1057 dier
590 996 727 1058 statuitur
743 1005 775 1058 et
789 996 921 1078 plerique
934 994 971 1057 ud
985 992 1049 1059 dien

61 1093 181 1148 statutor
207 1096 365 1143 oenurrere
394 1099 453 1142 non
479 1091 596 1163 queunt.
641 1082 711 1157 Quia
737 1081 897 1164 imperator
921 1082 1048 1165 pinoibne
1128 1131 1129 1134 η

61 1177 242 1255 praereptum
268 1163 369 1228 dediti
411 1164 481 1242 Quis
502 1164 608 1229 doetor
632 1167 707 1230 bano
728 1169 830 1230 tribuit
850 1164 1050 1250 disciplinam?

62 1257 114 1333 Qui
136 1263 292 1316 metatores
313 1252 419 1314 itinera
440 1249 615 1335 disponuntl
656 1251 819 1329 Qui‘dnoer
835 1255 894 1315 iter
910 1253 1048 1335 dirigunt,

61 1353 92 1407 nt
107 1340 210 1404 nullius
227 1337 305 1402 desit
322 1341 481 1402 occurrunt
514 1335 575 1402 Sed
592 1359 737 1420 agnosco,
756 1341 818 1422 quis
835 1341 884 1402 ille
901 1339 942 1424 uit
957 1343 1048 1424 impe·

59 1439 151 1502 rotor,
178 1427 226 1509 qui
252 1425 435 1490 ordinatione
463 1423 560 1489 divina
585 1427 716 1491 rensibus
741 1429 939 1490 universorum
965 1447 1046 1493 nuum

60 1511 186 1580 inlundat
207 1514 371 1596 imperium,
394 1513 442 1596 qui
465 1515 570 1577 tacitus
591 1516 676 1578 mutis
697 1515 887 1577 animantibus
909 1515 1048 1578 naturalis

59 1600 225 1685 disciplinae
244 1598 376 1664 ordinem
393 1601 502 1662 tribuat
519 1619 574 1664 nee
592 1603 684 1666 solum
701 1622 806 1683 magna
822 1611 972 1684 penetret,
993 1599 1048 1665 sed

59 1690 143 1752 otiam
165 1687 355 1768 perminima
377 1706 507 1770 quaeque
530 1707 563 1751 ro
585 1685 697 1750 lundut
739 1687 862 1752 Diuinae
880 1687 941 1768 legi
957 1688 1048 1770 pineis

59 1774 236 1856 obsequiturq
272 1781 303 1836 et
333 1773 464 1836 bomiuos
495 1773 718 1838 eontrndienntl
757 1773 851 1837 Piscis
878 1773 1049 1838 solemniter

60 1859 176 1924 obaudit
192 1857 327 1923 mandata
344 1861 499 1940 coelestim
522 1864 590 1940 et²)
612 1859 744 1926 bomines
764 1860 848 1924 irrito
863 1859 974 1924 leniunt
989 1859 1047 1925 lloi

59 1950 232 2030 prueeoptnl
271 1945 320 2009 An
341 1949 546 2011 contemtibilis
569 1947 621 2012 tibi
641 1944 770 2023 ridetur,
798 1947 866 2030 quia
886 1957 980 2012 mutor
1000 1955 1049 2012 est

58 2035 230 2114 rationisque
257 2037 382 2118 experet
424 2031 485 2097 Sed
509 2034 592 2110 ride,
618 2053 655 2098 no
677 2045 709 2096 tu
731 2033 784 2096 tibi
806 2035 898 2114 mugio
923 2033 1047 2117 incipian

58 2139 120 2182 esso
134 2123 300 2196 contemtui,
315 2121 341 2183 ri
359 2121 550 2183 irrationabili
567 2119 795 2185 irrationabilior
808 2118 1045 2203 deprehendaris.

58 2203 130 2281 Quid
147 2217 242 2267 antem
260 2207 459 2270 rationabilius
480 2208 538 2271 boo
560 2209 680 2292 piscium
698 2206 835 2280 transitu,
857 2205 939 2269 euius
955 2207 1047 2268 ratio-

58 2311 118 2354 nem
145 2291 259 2374 quidem
284 2293 381 2355 verbio
407 2312 466 2354 non
492 2295 653 2375 explieat,
684 2291 737 2355 red
763 2293 848 2355 luetis
874 2292 1048 2375 loquuntur?

56 2376 182 2458 Perqunt
203 2379 279 2440 enim
300 2381 421 2440 uerutis
442 2389 573 2462 temporo
594 2377 633 2442 ad
654 2381 759 2442 iratum
782 2378 881 2452 Ponti,
908 2398 945 2441 eo
968 2373 1046 2461 quod

56 2465 164 2545 reliquo
182 2464 270 2526 mario
287 2465 351 2526 sinu
368 2462 417 2526 bio
434 2467 513 2526 sinus
531 2463 645 2529 duloior
665 2466 714 2527 sit.
757 2463 825 2526 Non
844 2463 920 2527 enim
938 2460 1046 2526 tamdiu

56 2551 97 2612 rol
112 2549 261 2624 einero,
285 2549 418 2632 quamdiu
441 2551 567 2613 caeteris
588 2552 756 2614 immoratur
777 2569 869 2630 enque
894 2551 927 2612 lit
947 2569 1045 2625 ausa,
1093 2611 1098 2624 ,

57 2645 88 2697 ut
102 2654 160 2697 non
177 2655 289 2698 omnem
307 2655 408 2719 nquam
427 2637 588 2713 exbauriat,
607 2656 681 2720 quae
694 2634 789 2698 duleis
806 2647 892 2716 utque
909 2635 1046 2718 potabilis

57 2732 108 2784 est.
150 2719 221 2796 Quis
242 2731 339 2784 eutem
361 2723 490 2804 ignoret,
518 2721 703 2804 quodetiam
726 2741 777 2794 aa,
804 2739 877 2803 quae
904 2721 1047 2783 maritime

57 2807 419 2976 titullqtlitlt
433 2802 1047 2975 ll‘lltnll‘ttltlnlltltlt

840 2934 851 2967 l

28 3013 29 3052 p
57 2977 140 3042 alieni
161 2981 257 3064 piseer
279 2981 396 3064 generis
414 2917 567 3064 eupiuntir
583 2982 613 3043 in
630 2981 733 3043 lluriir.
777 2976 848 3040 Cum
866 2977 939 3040 been
956 2978 1047 3059 igitnr

58 3083 141 3128 eausa
158 3066 279 3128 Pontum
300 3068 358 3129 illis
380 3067 472 3130 laeiat
491 3069 664 3148 gratiorem,
687 3065 735 3128 vol
757 3062 834 3147 quod
855 3073 954 3126 neotus
971 3073 1045 3125 tom·

56 3163 138 3232 perot
165 3151 301 3214 solemnio
330 3153 391 3217 illie
417 3155 504 3217 ssatus
528 3152 686 3236 aquilonis,
717 3161 777 3214 tum
808 3149 1045 3234 opportuniorem

58 3239 178 3301 motoris
202 3236 345 3315 iudicant,
372 3243 402 3303 in
420 3260 480 3324 quo
503 3257 646 3323 peremne
668 3248 819 3321 otpertus
842 3236 956 3320 possint
976 3253 1046 3318 pro·

56 3325 132 3404 prior
148 3319 290 3402 enutrire,
313 3324 390 3409 quod
413 3321 506 3390 teneri
527 3328 604 3389 letne
626 3322 753 3387 laborem
777 3322 894 3385 alienae
916 3322 1045 3402 regionis

56 3409 131 3473 ierne
151 3411 201 3473 rix
220 3413 345 3494 possint,
373 3432 445 3496 qnos
466 3415 526 3476 illio
548 3413 629 3474 louet
649 3411 727 3473 aeris
747 3405 858 3471 blenda
880 3405 1053 3469 elementis..

56 3491 152 3599 ltaque
182 3505 311 3580 peraeto
333 3517 452 3563 munero
484 3517 583 3562 omnes
612 3495 696 3590 timul
726 3513 779 3570 eo,
815 3512 872 3577 quo
904 3501 1047 3556 venerant

56 3596 179 3659 agmine,
202 3594 395 3648 revertuntur.

56 3703 266 3730 Μ

121 3788 322 3858 licentum:
332 3793 456 3851 nutem.
467 3791 535 3854 loen,
550 3793 728 3856 prorrepte
740 3789 874 3852 temperet
909 3784 1045 3850 tlverbnr

31 3883 32 3926 p
48 3857 86 3916 ‚et
99 3853 274 3916 beminen...
283 3853 1045 3946 praeemptoiqquinqneeodd.lstpr.etedit.dnq.deuunt·
