2736 4394
350 225 636 279 Hssxbssiffllold.
668 227 785 278 dalmi
806 227 838 280 V.
1010 224 1091 286 m

98 364 229 432 aotberei
245 361 322 426 illine
339 365 472 447 eorporia
489 364 577 426 etiana
592 365 649 427 iate
665 373 733 441 aarq
751 383 835 448 qneua
851 383 1001 448 poarurnua
1017 386 1090 430 oen·

98 455 134 518 lia
151 449 412 534 comprehendere,
434 452 515 535 quati
538 453 666 514 orandor
686 461 718 514 et
738 450 857 516 deualor
871 455 965 516 rieeua
982 453 1091 518 babeat
1198 461 1203 468 “

98 537 277 604 maurenti.
597 569 599 576 ·
826 553 830 562 ·

182 629 235 692 id·
270 623 356 688 Nouo
374 623 441 707 quia
456 619 595 700 dixinua,
618 641 692 708 qnae
709 625 841 688 volatilia
856 643 941 707 quana
958 635 1089 688 natonn

97 711 225 777 bobeaut
239 722 272 775 et
287 713 425 792 gratiam,
443 720 475 772 ot
491 729 528 773 ea
544 731 639 794 panea
656 711 693 774 de
711 712 822 774 uuoltiaa
839 729 994 793 -nequo
1012 713 1089 775 onitu

97 808 182 862 vaeat
202 799 337 859 nniveraa
353 795 537 870 describere,
560 817 626 859 euna
647 799 706 859 aint
725 799 830 860 sinilia
850 807 938 878 atque
960 797 1089 860 eiuadona

98 883 228 966 gonoriaq
244 917 290 933 -
310 893 407 945 tamen
428 899 497 945 avet
519 884 614 964 iprae,
637 903 721 967 quan
742 883 821 946 iuter
840 901 873 944 ae
891 881 1090 946 diveraltateoa

97 969 231 1044 babeant,
250 968 477 1034 eoualdeuenuua.
513 968 675 1032 invenimur
692 971 769 1032 onina
787 971 914 1034 eoruiuia
930 966 1022 1052 pedea
1036 987 1091 1032 re·

97 1057 139 1122 int
164 1055 330 1138 quibudam
357 1053 456 1138 digitio
482 1053 654 1119 diatantlboa
679 1066 831 1138 reparator
855 1067 943 1137 atquo
969 1054 1089 1129 divinoe,

97 1161 248 1206 neruorum
270 1160 382 1224 qnoque
408 1152 495 1224 atqoe
521 1141 663 1225 pullorum
689 1142 813 1219 aliter1)
840 1139 927 1206 etiam
949 1141 1090 1204 tornatoa

95 1249 114 1292 a
138 1237 242 1290 nature
271 1227 376 1311 pedeaq
412 1231 520 1303 aniona,-
556 1247 629 1310 qnae
665 1247 754 1292 earne
786 1239 958 1302 vescuntur,
993 1225 1090 1290 nerni-

96 1333 157 1376 anoa
183 1315 265 1396 quati
290 1316 426 1377 inenrroa
450 1325 537 1396 atque
564 1316 693 1377 ninneton
722 1332 759 1376 ae
783 1314 864 1377 velot
888 1311 926 1374 ad
952 1310 1091 1396 praedatu

96 1407 224 1482 parator.
268 1397 331 1462 Eae
347 1417 435 1474 vero,
457 1419 533 1482 qnae
549 1399 668 1462 natandi
690 1399 799 1463 babent
818 1419 899 1462 neum
917 1409 950 1461 et
966 1415 1092 1466 cuntur·

95 1482 239 1560 tudinem,
270 1485 345 1547 latoa
375 1485 485 1548 hebent
509 1483 601 1567 pedon
625 1496 659 1548 et
684 1483 849 1547 membran
876 1483 996 1566 qnadnn
1023 1485 1091 1546 illoa

83 1569 204 1652 digitos
234 1569 353 1652 pedonu‘
369 1569 426 1633 eibi
445 1571 608 1652 nopotem
633 1581 720 1653 atque
747 1573 928 1633 ooniunetoa.
973 1570 1006 1632 ln
1031 1589 1090 1652 quo

95 1655 273 1720 admirabilia
289 1666 372 1739 patet
388 1657 464 1718 ratio
482 1667 614 1732 naturae,
632 1668 665 1718 nt
680 1668 714 1719 et
730 1656 801 1720 illae
817 1655 855 1719 ed
871 1654 1024 1719 rolandunn
1041 1655 1091 1718 vel

95 1741 145 1808 ad‘
158 1741 329 1825 rapiendum
356 1743 450 1816 oibonn
477 1761 530 1806 ten
556 1741 744 1807 aoeotnunodo
766 1743 937 1817 fulciantur,
964 1752 996 1805 et
1015 1743 1091 1806 ittae

96 1827 133 1892 ad
159 1827 315 1893 natandun
338 1828 504 1892 adiumenta
524 1829 653 1892 babeant
673 1829 882 1912 competentia,
910 1846 967 1910 qno
988 1829 1091 1892 melina

94 1916 176 1998 aquit
201 1917 313 1999 poaeint
336 1925 541 1998 nuperorum,
573 1925 605 1978 et
630 1917 711 1997 qnaal
741 1917 829 1977 reunia
855 1911 1021 1996 quibuadaua
1046 1918 1091 1978 ita

94 2001 216 2084 pedibua
233 2003 306 2075 ania,
329 2003 513 2064 membranae
530 2001 608 2064 illine
626 2003 797 2064 munione
815 1999 981 2077 intimabo,
998 2020 1089 2085 aqua·

95 2107 158 2150 rum
175 2089 282 2150 fluenta
299 2088 477 2169 propulsent.

181 2177 234 2240 tn.
270 2173 388 2255 Cygnus
411 2192 524 2257 qnoque
547 2191 601 2236 cnr
624 2173 796 2255 proceriore
819 2173 896 2236 eollo
918 2183 1029 2249 utatur,
1054 2175 1089 2238 in

95 2270 209 2342 promtu
227 2272 283 2335 eat,
301 2270 334 2320 nt
350 2261 418 2341 quia
436 2271 482 2340 eat
497 2259 642 2344 paululoua
655 2261 776 2340 aequior
787 2278 913 2342 eorpore
931 2279 986 2322 nee
1000 2261 1088 2325 laeile

94 2355 192 2430 potent
214 2364 350 2429 aquarum
372 2345 513 2408 iuferiora
534 2355 704 2427 penetrare,
727 2347 871 2409 eorvieeua
889 2344 1028 2410 extendat
1047 2345 1089 2412 nd

95 2427 246 2514 praedam,
270 2449 344 2515 qnae
361 2432 442 2514 quani
460 2433 579 2514 praevia
596 2432 699 2514 reliqui
718 2433 850 2514 eorporis
868 2451 980 2508 muno,
1003 2453 1088 2515 qnaua

96 2517 251 2592 invenerit,
277 2518 374 2599 rapiat
394 2523 587 2600 atqoe'eroat
608 2538 625 2581 e
647 2516 802 2600 proluudo.
844 2517 931 2582 Addo
954 2529 985 2582 et
1005 2519 1087 2596 tuot,

96 2605 162 2686 quia
184 2605 301 2666 morior
321 2615 352 2665 et
372 2607 465 2685 anagia
487 2623 611 2666 earorna
636 2623 691 2686 per
710 2624 837 2686 procero
859 2604 989 2667 modulua
1010 2605 1088 2668 oolla

96 2687 280 2768 diatingoitor
301 2699 333 2752 et
353 2689 486 2770 longiore
504 2691 714 2752 exercitatione
732 2693 834 2773 purior
850 2690 937 2771 longe
955 2690 1086 2752 resultat.

180 2779 233 2843 76.
269 2772 358 2850 Qoann
373 2772 466 2837 doleia
483 2777 569 2838 etinrn
587 2777 617 2836 io
635 2775 741 2855 exiguo
757 2771 867 2844 eieadir¹
883 2785 1000 2855 gutture
1017 2794 1088 2837 ean·

96 2860 199 2935 tilena,
217 2879 336 2942 quarum
354 2860 486 2923 nantibna
503 2858 599 2922 uaedio
618 2872 699 2923 neoto
717 2860 835 2923 arboeta
852 2872 1029 2942 rumpuntur,
1047 2879 1086 2928 eo

97 2942 173 3027 quod
198 2947 291 3027 magia
317 2965 444 3009 morae
470 2943 636 3010 meridiania
662 2945 821 3020 ealoribna‚
854 2965 910 3027 quo
940 2945 1086 3028 puriorena
1192 2979 1197 2988 ·

97 3049 194 3093 eereuu
219 3029 250 3092 id
277 3033 416 3112 temporie
442 3033 590 3094 attrabunt
614 3031 730 3114 spiritu,
758 3051 795 3094 eo
821 3042 923 3094 eantur
948 3041 1087 3094 remeant

97 3118 247 3180 clauderet.
282 3115 348 3180 Noe
366 3136 437 3202 epea
454 3120 533 3200 iprae
551 3121 669 3180 inauavo
688 3114 821 3200 quiddam
839 3127 959 3192 cannut3
977 3115 1088 3180 bnbeot

97 3205 171 3265 onina
194 3213 305 3284 gratam
327 3205 357 3266 in
379 3223 469 3266 raoeo
491 3205 542 3265 illo
559 3205 642 3267 voeir
658 3223 728 3266 anae
746 3222 889 3267 unnrnnnre
906 3206 1084 3277 mritatm

98 3307 180 3368 quan
206 3309 260 3351 noa
284 3291 380 3351 lraoto
406 3290 537 3352 tobaruun
563 3287 659 3370 sonitu
684 3291 790 3351 lentina
814 3293 934 3372 priunum
954 3286 1088 3351 uidemur

97 3373 216 3448 inuitaui,
239 3393 297 3456 qno
314 3375 428 3458 erepitu
446 3373 483 3437 ad
501 3371 672 3438 excitandua
689 3375 800 3437 animoa
821 3379 851 3438 in
867 3377 998 3457 vigorem
1014 3373 1085 3436 nibil

97 3459 190 3539 eptioa
211 3461 388 3523 neatirnator.
431 3460 471 3524 tta
495 3463 569 3524 baeo
596 3461 654 3522 illia
679 3461 775 3542 qratia
794 3473 906 3535 annuet,
933 3479 997 3523 enan
1021 3458 1086 3543 pul·

97 3561 209 3605 monera
226 3544 447 3629 respirandique
463 3565 563 3610 nunna
580 3557 666 3629 atque
683 3555 764 3609 nauua
781 3565 959 3630 neqoequana
976 3545 1085 3610 babere
1191 3605 1200 3622 ‚

96 3625 271 3710 prodantur,
287 3630 346 3695 oo,
358 3633 440 3696 aerio
456 3635 538 3698 renel
555 3633 720 3718 spiramine.
763 3631 895 3718 lienique
911 3633 942 3697 ai'
955 3633 1018 3718 quia
1034 3649 1086 3698 eat

101 3751 315 3776 -ι-ι-

134 3819 138 3830 ’
165 3815 194 3883 t>
210 3819 291 3875 (lodd-
304 3823 387 3888 talpae
403 3823 437 3875 ad
452 3825 532 3878 litat
549 3825 684 3876 tomam

300 3909 314 3946 a
