2736 4394
361 247 649 318 umxauurteora.
680 261 797 316 uarro
816 263 850 317 v.
1015 262 1097 324 ‘m

112 421 144 474 tu
165 405 288 488 iugalem
309 398 445 486 repudiaa
466 407 544 464 tuum
566 412 598 466 et
618 411 702 486 putea
721 421 811 486 aaepe
828 399 1006 481 malardump
1027 404 1099 468 etri
1171 473 1176 482 ,

112 517 170 560 omo
186 491 312 558 deluerit
328 489 392 563 die,
413 487 586 569 auperduoia
607 489 765 565 rivolum)
787 499 821 551 et
839 490 935 552 ιιιιίιιι
952 491 1099 572 imooguila

99 599 199 646 *mura
224 577 305 660 quari
332 575 451 656 eogmita
474 571 594 656 pudor-ia
614 575 784 658 enopueria
805 575 947 638 iniuriam.
989 575 1099 660 Vipera

95 667 257 732 abromum
284 662 420 746 requirit,
451 660 599 726 absentem
624 672 714 728 vorat
741 671 774 724 et
801 660 910 724 blando
939 663 1099 746 proclamat

51 761 62 781 '
95 753 216 825 .ailiilo‚.
237 759 323 832 atque
349 747 400 811 olii
425 745 583 813 adventare
607 767 772 832 eomparem
792 749 934 823 urserit,
957 769 1099 814 remorum

110 839 225 910 evomit,
243 835 436 898 reverentiam
449 837 554 899 marito
569 834 716 911 deserere,
733 835 930 899 verecundata
942 837 1099 921 nuptialem

109 923 244 1010 gratiamp
262 933 294 984 tu
311 922 415 984 mulier
431 919 631 986 adveniente·
649 921 687 986 de
705 923 862 1006 longinquo
879 925 1009 985 marium
1027 943 1100 988 eom·

110 1010 231 1074 tumeliia
256 1007 385 1092 repellia.
429 1006 539 1090 Vipera
564 1028 645 1073 mare
669 1019 852 1092 prospectat.
884 1011 1018 1092 explorat
1040 1011 1100 1075 iter

94 1097 254 1179 -uomiugiap
280 1107 312 1158 tu
338 1095 450 1157 iuiuriia
475 1095 551 1158 viam
575 1097 640 1158 rlru
666 1097 806 1171 edomuit,
833 1105 865 1158 tu
886 1096 977 1160 litium
999 1115 1100 1162 morea

107 1203 256 1258 vomerum,
273 1201 332 1244 mou
349 1181 458 1256 roiioim
477 1191 508 1244 tu
525 1183 687 1263 coniugalia
699 1183 848 1264 ampleaua
861 1193 993 1266 tempore
1005 1182 1100 1248 dirum

108 1271 186 1335 rlrua
198 1279 349 1333 eareatuar
363 1287 418 1330 moe
432 1267 581 1332 eruberoia
594 1271 708 1352 nuptiae
724 1287 781 1332 aee
798 1272 944 1332 merarii
955 1270 1097 1334 maritum.

143 1375 145 1383 ·
194 1361 243 1423 tl.
278 1353 340 1419 Sed
362 1356 448 1420 etiam
472 1365 517 1430 tu,
538 1358 597 1430 vir,
614 1373 827 1439 -poaaomua
848 1357 924 1419 euim
946 1357 1032 1418 etiam
1053 1358 1099 1420 aie

107 1445 251 1526 aeoipore,
260 1445 290 1519 ²)
312 1475 354 1491 -
370 1439 485 1526 depone
500 1451 640 1507 tumorem
654 1441 762 1517 cordia,
776 1443 963 1524 asperitatem
976 1461 1098 1519 moram,

108 1548 172 1594 oum
194 1530 245 1592 tili
266 1526 405 1608 redula⁸)
432 1548 507 1594 uxor
531 1529 675 1606 oeeurritp
701 1527 834 1612 propelle
860 1526 1098 1610 indignationem,

107 1634 171 1678 oum
183 1613 288 1678 tlanla
304 1617 411 1682 eonium
422 1615 460 1679 ad
475 1616 625 1678 raritatem
643 1625 796 1698 proroeat.
830 1611 898 1678 Noa
916 1635 949 1678 ea
966 1611 1099 1682 lamium

105 1699 157 1764 aed
177 1703 309 1780 marituap
333 1720 391 1764 mou
408 1703 542 1767 auoillam
558 1705 679 1766 mortitam
696 1721 729 1764 ea
746 1699 799 1763 rud
816 1719 948 1764 uxorem.
983 1697 1100 1765 Guber-

104 1797 234 1852 uatomm
250 1799 278 1852 te
291 1787 371 1852 Deua
383 1791 475 1854 voluit
487 1807 554 1854 eaae
567 1808 654 1854 terrra
671 1787 828 1862 interioria,
846 1807 904 1849 aoa
921 1797 1098 1871 praepoten-

104 1883 172 1938 tem.
216 1873 317 1940 liuddo
340 1874 435 1940 atadio
455 1879 564 1954 uicem,
586 1872 678 1942 redde
700 1875 793 1938 amori
815 1876 949 1957 gratiam.
985 1872 1098 1959 Vipera

102 1979 243 2026 romeuum
260 1983 340 2028 auum
358 1963 466 2044 londin
489 1976 522 2027 tu
543 1984 601 2028 nom
621 1973 707 2048 poteo
728 1959 862 2027 duritiam
885 1961 987 2026 mertia
1004 1959 1097 2046 depo-

92 2053 195 2126 ,uerei
229 2047 289 2116 sel
306 2051 396 2121 dalea
414 2053 573 2120 naturalem
588 2053 731 2139 rigorem
749 2049 840 2118 deleo
853 2061 1016 2133 temperare
1030 2067 1098 2114 eum

91 2139 347 2228 ¹otttttenplatioue
370 2147 497 2229 coniugii
523 2155 555 2209 et
581 2138 981 2208 nuoremtiaooaiuuotiomia
1003 2135 1097 2222 depo-

91 2247 174 2294 ,ποτε
195 2233 282 2296 auimi
304 2233 499 2311 irritatum.⁴)
519 2253 524 2264 ·
544 2230 646 2295 Potest
667 2239 700 2294 et
719 2229 774 2292 aie.
816 2227 919 2292 Nolite
940 2243 1097 2312 quarere,

101 2317 170 2392 riri,
206 2318 329 2383 alierum
365 2319 492 2394 litorum,
528 2319 619 2381 nolite
653 2315 785 2380 insidiari
815 2317 930 2380 alienae
960 2313 1094 2398 aepulae.

89 2399 200 2468 ‚Grave
226 2415 272 2468 eat
297 2402 470 2468 adulterium
496 2415 528 2468 et
558 2415 678 2468 maturae
708 2401 823 2466 iniuria.
867 2399 947 2466 liuoa
972 2401 1095 2484 primum

65 2567 71 2580 Ι
101 2487 181 2553 diruo
197 2490 291 2566 iecit,·
305 2488 400 2554 Adam
418 2502 449 2554 et
465 2490 569 2566 Eram.
592 2490 650 2555 lroo
667 2501 727 2565 eat,
748 2490 841 2550 ιίιιιιιι
857 2499 890 2551 et
905 2507 1039 2562 uorem,
1062 2498 1096 2552 et

101 2595 220 2640 uxorem
239 2575 275 2640 de
292 2579 371 2654 viro,
394 2577 452 2640 lroo
469 2589 529 2652 eat,
551 2575 588 2640 de
607 2587 690 2662 eoopa
704 2572 815 2651 Adam3
837 2583 869 2637 et
888 2573 973 2636 iuaait
991 2573 1094 2638 amdoe

102 2681 167 2726 eoae
188 2665 218 2726 iu
240 2683 297 2726 uuo
320 2684 445 2748 corpore
463 2675 494 2728 et
516 2664 545 2726 io
563 2683 620 2727 uuo
638 2663 741 2746 apiritu
756 2662 866 2724 virere.
910 2657 985 2738 Quid
1005 2677 1092 2724 uuum

100 2767 219 2831 reparaa
232 2769 348 2832 eorpus,
367 2748 573 2814 uuum'diridia
589 2750 740 2833 spiritum!
770 2745 902 2810 Naturae
919 2745 1092 2816 adulterium

101 2846 156 2898 eat
199 2835 263 2899 lloe
281 2836 371 2900 doeat
387 2855 541 2900 muraenae
559 2847 591 2900 et
607 2837 725 2920 uiperae
742 2853 801 2896 mom
818 2833 882 2896 iure
898 2834 1017 2914 pererio
1037 2831 1093 2898 aed

101 2919 207 2987 ardore
230 2922 356 2986 lubrdrmra
378 2923 523 3006 expetitae
548 2923 708 3006 amplemaa.
749 2917 877 2994 Diaeite,
904 2915 1015 2996 oriri,
1041 2921 1092 3004 qui

101 3007 224 3072 alierum
254 3009 418 3094 permolore
449 3009 564 3092 quaerit
593 3029 728 3082 uxorem
759 3007 841 3070 auium
867 3005 1010 3088 serpentia
1035 3005 1092 3070 eibi
1227 3007 1231 3016 '

102 3093 266 3160 adaoiaoere
293 3097 393 3178 eoplat
418 3095 652 3170 contubernium,
685 3096 732 3158 eui
763 3093 850 3156 etiam
871 3089 1091 3176 oonpamtm

101 3181 163 3263 ipae
179 3181 307 3265 aerpeuti
324 3183 373 3244 eit.
408 3181 538 3246 Fertiaat
553 3181 591 3245 ad
605 3182 743 3265 viperam,
760 3197 836 3262 quae
852 3195 885 3242 aa
902 3179 932 3240 ia
950 3179 1090 3260 murium

101 3269 154 3330 viri
171 3287 229 3329 uom
246 3265 360 3330 directo
379 3269 494 3332 tramite
509 3271 657 3344 teritorio,
678 3265 733 3331 red
754 3265 867 3329 lubrico
884 3263 962 3328 devii
983 3265 1090 3328 morta

101 3351 232 3416 iufundit.
276 3351 407 3417 Festinat
423 3354 461 3417 ad
476 3371 557 3430 eam,
574 3368 807 3439 quae'vemeuam
824 3369 905 3414 auum
921 3351 1091 3414 munitat

101 3438 214 3522 vipera,
232 3457 305 3523 quae
322 3439 417 3508 fertur
432 3453 555 3526 peraeto
573 3439 786 3507 eouiuaatiomia
801 3445 920 3502 murore
936 3455 1089 3514 renerum,

103 3546 317 3567 -—n

168 3609 196 3678 t)
212 3612 290 3666 coto
299 3615 370 3682 lilpa.
383 3620 411 3669 el
423 3617 571 3684 euterpe
587 3620 742 3683 aaapaata
758 3614 891 3670 rlralam
909 3627 942 3667 aa
959 3615 987 3666 el
999 3609 1088 3666 imma

101 3679 232 3746 leoopalta
254 3699 335 3737 eaura
360 3687 436 3750 qaaal
461 3691 624 3754 oagattam
648 3687 755 3752 potioria
781 3683 933 3748 araequeria
959 3681 1088 3735 hialam.

101 3747 131 3820 2)
146 3751 242 3804 vertat
260 3767 430 3817 pareamua
444 3789 490 3812 ....
503 3757 655 3823 aoalpare
667 3751 1088 3818 laoaddqulmqaeldpadaaaal.

102 3821 130 3882 t)
147 3821 224 3874 coda.
238 3822 321 3887 rupti
336 3825 462 3880 aetatu.
529 3825 559 3892 t)
575 3827 656 3880 codd.
669 3825 784 3892 prime
795 3825 868 3893 lalpa·
882 3823 971 3876 reru:
988 3821 1086 3887 dapa-

101 3902 176 3944 aare
193 3893 291 3947 aatml
307 3895 472 3949 toritatem
490 3895 622 3949 ιιιιιιιιιι.
