2708 4396
235 227 238 232 ¹
320 205 607 262 HEXAEMEBON.
641 208 759 262 tttttttt
773 209 822 262 Vl.
991 211 1068 274 161·

77 345 275 430 exprimuntur
291 345 420 410 oraculo.
454 345 558 409 bienno
571 354 626 421 est,
644 367 717 431 qure
736 348 831 412 cibum
849 351 895 414 ori
911 351 1064 429 ministrer

76 452 176 498 munus
198 445 258 510 est,
280 452 355 516 quoe
376 433 536 517 praeclaris
557 434 650 496 enitet
669 435 771 510 luctis,
793 455 867 518 quoe
886 439 1065 502 coneilintrix

26 529 39 548 ⁸
76 521 190 586 divinoe
208 521 321 604 ςἰιιίιο
339 521 431 582 noris
448 519 571 582 iulertur
587 517 734 596 aturtbns,
752 539 807 603 per
820 543 903 606 quem
921 524 1065 588 oberimus

75 619 108 671 et
124 609 250 670 sontum
267 616 448 669 sacramente
465 605 620 682 coelestin
643 626 743 670 munus
760 617 820 684 cet,
838 629 913 690 quse
931 621 1065 695 operatur

74 694 188 779 puriter
208 703 295 775 etque
318 690 502 776 dispensato
525 689 621 754 divine
642 695 795 775 mysterio,
822 696 904 758 cuiue
924 696 1065 766 vocobulo

74 799 135 844 non
157 775 329 861 dedignatus
351 789 397 842 ert
419 797 451 842 se
469 775 525 840 Dei
547 778 622 842 filins
643 777 803 854 declarari,
826 779 942 845 licente
961 781 1067 846 bouils

73 865 204 932 Dextoru
229 865 346 929 Domini
371 866 444 929 lecit
467 865 617 942 virtutem,
645 864 767 931 eleutero
788 864 903 930 Domini
931 869 1068 936 entuvtc

74 956 171 1034 me.²)
214 953 317 1016 liunus
339 963 399 1028 cst,
426 972 499 1036 quoe
522 954 595 1015 l'ecit
616 955 727 1028 omniu,
754 955 830 1017 sicut
851 953 965 1035 tinet)
989 955 1070 1019 Deue

73 1041 271 1124 pmntpotens=
305 1040 411 1103 Nonne
430 1059 528 1102 munus
547 1059 611 1102 meo
628 1040 701 1104 lecit
717 1040 791 1104 bueo
810 1042 925 1105 omnini
965 1041 1072 1105 blunuc

74 1137 121 1202 est
137 1128 226 1190 totius
240 1127 372 1209 corporis
389 1127 645 1210 propugnaculum,
664 1129 768 1211 cepitis
782 1125 975 1204 delemutrlxr
995 1147 1073 1212 quse.

74 1232 139 1277 oum
164 1214 204 1275 eit
229 1214 297 1277 loco
323 1213 460 1288 inlerior,
487 1222 578 1275 totum
602 1215 745 1277 uerticem
771 1215 862 1277 comit
886 1225 919 1278 et
942 1213 1069 1280 bonerto

72 1309 207 1366 venustnt
223 1309 338 1363 orncuc
1067 1353 1071 1360 .

44 1425 49 1434 ·
160 1390 212 1453 7⁰.
248 1385 319 1461 Quis
341 1382 428 1465 ligne
456 1384 584 1466 explicet
608 1387 740 1468 pectoris
766 1397 876 1450 erstem
901 1389 1067 1470 ventrisque

73 1469 242 1534 mollitiem?
269 1471 368 1534 Aliter
385 1471 460 1533 enim
477 1471 592 1533 viscere
609 1470 743 1535 molliore
760 1491 818 1535 non
836 1484 958 1555 possent
972 1474 1067 1536 ioreri

73 1566 105 1621 et
125 1558 325 1622 intestinorum
348 1557 428 1620 sinus
445 1553 524 1618 duris
541 1556 617 1619 linui
635 1557 722 1621 «lubic
740 1559 853 1621 ossibus
871 1556 1065 1622 laederentur.

73 1642 149 1720 Qutt
175 1650 233 1708 tim
260 1645 401 1718 ceinture,
429 1662 512 1724 quum
539 1654 572 1705 ut
595 1645 693 1726 pulmo
720 1644 803 1708 cordi
829 1645 951 1708 finitimo
978 1646 1066 1708 limite

68 1731 257 1812 iungeretur,
281 1743 314 1793 ut
330 1751 394 1795 cnm
413 1731 557 1792 exarserit
574 1750 635 1793 cur·
648 1733 694 1793 irs
716 1741 747 1794 et
768 1730 982 1813 indignatione,
1003 1729 1067 1813 pul·

73 1817 166 1888 tuonis
183 1819 324 1899 sunguine
341 1828 429 1898 utque
452 1815 572 1878 bumore
595 1818 679 1880 citius
701 1820 898 1900 temperetur?
940 1816 1068 1899 luleogue

72 1903 190 1965 mollior
211 1904 306 1986 pulmo
330 1915 390 1976 est,
418 1903 484 1984 quio
505 1900 603 1964 molet
623 1923 753 1987 semper,
780 1903 863 1965 ιίιιιιιΙ
885 1914 918 1964 ut
938 1904 1066 1985 rigorem

71 1987 279 2070 indignationis
297 1990 436 2053 emolliet.
481 1986 562 2051 lluec
579 1987 647 2052 ideo
665 1991 787 2054 strictim
804 1990 1012 2073 percurrimus,
1029 1997 1069 2050 'ut

70 2085 215 2158 tumqnnm
237 2075 349 2139 indocti
372 2075 458 2137 obvie
478 2077 693 2157 perstringere,
715 2097 774 2140 non
796 2071 1068 2158 tumquemmotllci
1196 2099 1207 2112 ·

70 2161 186 2245 plenius
202 2165 328 2227 scrutori
345 2161 495 2224 vtteonur
511 2168 543 2222 et
558 2164 709 2245 persequi,
733 2182 807 2244 quse
824 2173 945 2225 nutum
962 2159 1070 2225 tetbu-
1120 2219 1129 2248 ,

71 2247 107 2310 lis
124 2249 296 2311 abscondite
313 2258 389 2309 sunt.
1063 2285 1067 2292 ·

157 2337 210 2400 ⁷1.
246 2333 358 2410 Lien‘)
374 2325 489 2418 quoquo
503 2354 567 2397 eum
580 2335 681 2396 iecore
696 2333 926 2398 bebetrioiuium
935 2333 1067 2396 fluctuo-

71 2435 147 2492 sem,
165 2417 297 2501 quitum
315 2417 451 2493 absumit,
475 2439 532 2502 quo
551 2422 614 2500 ipse
631 2430 782 2501 precetur,
805 2418 961 2499 abstergit,
984 2416 1068 2500 quid·

71 2500 139 2582 quit
153 2501 279 2566 sordium
294 2502 530 2585 deprehenderit,
549 2515 582 2565 ut
596 2523 652 2586 per
669 2504 756 2566 libres
773 2504 881 2566 iecoris
897 2504 1067 2566 minutiores

71 2585 201 2652 ciborum
233 2592 345 2671 possint
375 2601 477 2654 munes
506 2601 592 2673 utque
620 2588 740 2652 subtiler
766 2589 905 2671 reliqniue
932 2591 1066 2664 morire,

71 2690 146 2754 quoe
167 2685 317 2739 vertuntur
337 2677 367 2736 in
390 2677 557 2758 sanguinem
579 2675 745 2758 viribusque
770 2677 926 2758 proliciunt
951 2684 1066 2754 etgnon

71 2775 136 2822 cum
154 2761 220 2824 iimo
239 2773 270 2825 et
286 2759 420 2826 sordibus
438 2772 605 2846 egerentur.
641 2761 844 2824 intestinorum
857 2780 929 2823 vcro
942 2762 1068 2824 circnm-

70 2847 150 2926 plexi
176 2849 265 2912 orbes
290 2860 322 2911 et
347 2851 410 2912 siue
432 2849 529 2932 ulique
552 2849 623 2911 licet
645 2846 722 2911 noclu
745 2847 800 2910 sibi
823 2857 919 2911 tumen
941 2846 1065 2910 invicem

69 2937 150 3011 next,
167 2932 236 3019 qnid
250 2932 328 2997 alind
341 2937 396 2998 uisi
410 2935 534 2998 divinem
551 2935 788 3018 prospicientium
807 2934 950 2997 emeterio
967 2942 1066 2996 osten·

71 3025 158 3094 dunt,
185 3033 296 3102 utnon
320 3021 380 3084 rito
403 3043 472 3086 esce
497 3032 683 3104 pertranseat
704 3032 735 3084 et
756 3021 853 3083 stetim
873 3039 892 3082 ιι
914 3019 1064 3083 stomccbo
1104 3015 1107 3023 ’

71 3111 228 3176 decumtl
272 3107 398 3182 Quodsi
416 3109 516 3180 lieret,
539 3109 614 3188 iugis
632 3109 723 3171 lomes
741 3117 772 3170 et
789 3109 927 3170 continue
942 3103 1065 3169 romuli

70 3196 163 3273 libido
181 3193 343 3256 bominibus
360 3193 539 3275 gigneretur.
583 3193 747 3257 Exinenitlr
765 3195 841 3258 enim
857 3189 1016 3256 &ceribus
1033 3200 1066 3256 et

71 3281 233 3356 rubensis,
257 3279 323 3342 dum
337 3279 534 3355 ‚numerurm
556 3278 921 3356 eb'usioue'vucuurentur,
942 3295 1066 3342 necesse

72 3381 152 3435 esset
168 3365 372 3449 inexplebilem
390 3377 476 3448 utque
495 3365 686 3428 insatiabilem
704 3364 762 3428 cibi
778 3377 810 3429 et
826 3375 912 3449 pocus
929 3365 1064 3447 generari

72 3450 743 3654 itlit‘tt,tt·tittl;lt,t³ti
753 3463 1063 3624 ttt„·⁰.t',tiit:;

75 3729 81 3742 ⁸
116 3703 766 3814 ‚t)coi.ll.citrpcnrrtoruulc,aluletc.
834 3703 1064 3813 niumm.

71 3815 262 3883 t)lcr.bt,2.
330 3816 359 3878 t)
377 3816 455 3867 cudi.
469 3817 553 3878 lips-r
571 3815 662 3880 splen
679 3817 846 3880 qooqneetc.
924 3861 965 3872 ,,
1008 3837 1038 3867 ,⁴
