2768 4412
339 255 625 316 uexreuueuu.
659 255 846 314 tremant
906 317 911 328 ,
1035 255 1085 317 et

105 409 169 471 reti
201 398 337 464 Omnibus
352 395 391 456 sit
407 395 438 464 im
455 393 581 458 eeclesia
597 413 653 476 per
667 405 753 477 atqtm
770 394 978 468 rna-tibertus,
996 396 1086 458 umal·

56 545 62 554 .
103 493 157 557 bus
174 484 352 570 impertiatur
368 481 477 542 iustitia
494 483 650 542 eommunis
667 491 698 543 et
715 483 819 561 gratia.
863 479 936 544 lieu
952 483 1040 542 turris
1056 483 1086 543 iu

104 573 275 640 mediaest,
298 583 371 647 quae
389 565 548 645 exemplum
571 563 608 626 de
631 563 688 628 iilis
708 565 877 638 rusticanis,
899 563 937 626 ie
955 566 1013 626 illis
1030 567 1091 628 eir*

97 658 244 724 ⁴eumierut
255 649 457 733 piscatoribus,
475 649 523 730 qui
536 651 670 712 virtutum
684 669 781 711 areem
794 659 896 712 temere
909 663 1087 724 meruemut3

105 735 769 904 lttlritlt¹tttiztltltrilqt
781 752 874 883 'tlt
883 733 1094 902 ltili,

71 964 75 972 .
105 933 136 988 se
153 910 295 989 erumpat,
313 915 346 968 ut
361 902 468 968 audeat
484 903 598 970 «licerer
629 905 738 969 Nostra
753 917 850 968 eutem
867 907 1088 985 ereremum)

105 1001 134 1062 im
152 995 241 1059 coelis
259 1003 313 1055 est.
322 991 352 1068 ⁸)
396 990 478 1055 [lule
496 1011 533 1054 ue
550 991 691 1074 aliquibus
712 993 849 1074 praeellie
869 993 979 1054 saeculi
999 995 1091 1075 possit

106 1081 216 1146 relleeti
233 1089 265 1140 et
281 1087 451 1160 tempestate
470 1075 585 1152 deduci,
603 1079 753 1140 claviculis
765 1079 823 1140 illis
835 1088 867 1140 et
880 1079 997 1142 eireulis
1009 1078 1091 1160 qupsi

106 1165 280 1250 amplexibus
302 1163 431 1226 utitatis
456 1165 603 1246 proximos
624 1182 752 1247 quosque
778 1165 981 1246 complectitur
1005 1174 1037 1226 et
1061 1165 1093 1226 iu

106 1273 204 1318 eurum
230 1250 433 1314 coniunctione
459 1251 625 1333 requiescit.
670 1249 784 1312 Caritas
809 1261 856 1314 est
884 1251 987 1332 igitur,
1018 1268 1092 1332 quae

106 1359 158 1402 uus
180 1335 376 1418 superioribus
397 1335 490 1398 muttit
511 1337 653 1416 coeloque
675 1336 786 1399 inserit
830 1334 886 1411 Qui
904 1337 981 1398 euim
997 1345 1093 1398 maret

105 1426 135 1488 im
161 1425 297 1495 eadum,
328 1418 407 1483 Deus
436 1421 466 1481 in
493 1439 530 1484 eu
556 1433 662 1484 maaet.
707 1419 790 1485 Unde
816 1432 847 1483 et
873 1420 1010 1484 Dominus
1032 1423 1092 1482 aits
1172 1475 1175 1478 .
1275 1455 1282 1463 -

106 1509 220 1574 blauete
243 1509 272 1569 iu
295 1525 341 1569 me
364 1517 395 1569 et
416 1525 473 1587 ege
496 1507 524 1568 in
546 1507 639 1568 vobis.
684 1503 768 1570 Sicut
788 1507 896 1590 palmes
918 1527 975 1568 meu
997 1516 1093 1590 potest

106 1595 227 1658 iruetum
245 1591 351 1654 ull'erre
369 1611 388 1654 a
405 1611 448 1668 se,
467 1593 520 1654 uisi
538 1593 677 1655 mursen‘t
694 1593 723 1654 in
740 1594 815 1668 vite,
833 1593 877 1655 sie
894 1602 1004 1667 etrus,
1021 1593 1047 1654 ei
1063 1593 1094 1654 ia

106 1699 151 1744 me
168 1699 225 1740 mom
243 1673 414 1740 merueritis.
458 1676 523 1758 ligo
541 1697 602 1740 sum
619 1679 700 1752 vitis,
717 1697 769 1740 vos
786 1677 918 1761 palmites
935 1679 1014 1740 estis.
1022 1678 1054 1755 ⁴)

191 1769 243 1830 tt.
278 1762 438 1826 Evidenter
458 1763 547 1844 igitur
568 1763 728 1846 exemplum
744 1766 811 1826 vitis
828 1762 866 1825 ab
883 1773 1001 1824 uestrae
1016 1763 1094 1824 vitae

107 1851 315 1914 iustitutionem
333 1846 535 1910 arcessendum
553 1868 619 1911 esee
636 1851 772 1929 signavit,
789 1868 863 1930 puae
881 1849 1001 1930 primum
1017 1849 1096 1912 reris

94 1935 253 2018 ‘tepefacta
280 1935 418 2016 temperie
446 1953 590 2016 gemmare
616 1933 799 2016 perhibetur,
830 1930 936 1998 ieiuie
961 1952 1002 1998 ex
1025 1933 1096 2017 ipsis
1125 1997 1135 2012 ,

107 2033 313 2085 sarmentorum
335 2021 465 2083 articulis
486 2021 610 2083 iruetum
631 2021 780 2097 emittere,
807 2019 844 2084 tle
870 2021 972 2104 quitus
998 2022 1096 2084 oriens

107 2127 162 2172 uva
174 2108 323 2182 formatur,
340 2107 532 2189 paulatimque
545 2125 706 2188 augeseeus
719 2107 861 2170 immaturi
878 2117 977 2190 partus
989 2108 1098 2170 retinet

108 2192 295 2257 acerbitatem
314 2211 368 2256 nes
386 2203 484 2276 petest
500 2193 556 2254 nisi
573 2203 684 2255 matura
701 2194 758 2256 ium
772 2204 803 2256 et
816 2204 903 2257 eueta
916 2191 1096 2258 iuleeseere·
1228 2201 1235 2218 '

82 2303 87 2318 ·
107 2279 239 2342 Vertitur
250 2280 365 2341 interea
377 2277 566 2341 viridantibus
578 2279 719 2362 pampinis
730 2281 826 2356 vinea,
835 2280 937 2363 quibua
949 2289 981 2342 et
993 2275 1098 2340 adver·

108 2385 167 2428 sum
181 2365 272 2446 irigus
289 2382 401 2445 emnem
421 2383 457 2426 ue
477 2365 609 2426 iniuriam
627 2383 684 2426 mum
702 2365 808 2446 exigue
826 2365 952 2428 munitur
967 2362 1095 2427 subsidio

78 2471 79 2474 ’
109 2461 138 2516 et
154 2451 259 2513 asebis
276 2447 383 2512 ardore
401 2383 574 2512 beleuditur.
610 2446 684 2524 Quid
698 2461 793 2513 autem
811 2470 848 2514 ea
865 2449 912 2514 rel
930 2450 1102 2532 spectacula

39 2605 42 2610 ⁴
109 2538 231 2620 gentius,
249 2537 297 2598 vel
314 2536 410 2598 insetu
427 2546 474 2598 est
490 2533 612 2609 baleius,
629 2531 730 2598 vilere
749 2547 828 2598 seete
845 2532 1002 2618 perdentia
1017 2535 1098 2597 velut

109 2623 247 2707 quaedam
273 2623 399 2705 speciosi
425 2621 501 2684 ruris
527 2621 658 2694 monilia,
689 2639 812 2703 carpere
838 2641 907 2684 uvas
932 2620 980 2683 rel
1006 2637 1096 2682 auree

109 2711 208 2773 tulere
234 2709 280 2771 vel
308 2727 452 2790 purpureo
478 2707 656 2769 renitentesi
698 2705 878 2788 Hyacinthus
908 2717 1095 2788 eaeterasque

110 2815 235 2878 gemmas
252 2794 366 2874 fulgere
383 2795 545 2867 existimes,
564 2810 720 2855 euruseare
739 2791 861 2868 inditos,
879 2791 1009 2854 albarum
1026 2791 1098 2853 emi·
1168 2843 1173 2851 .

111 2901 177 2945 eabe
194 2881 366 2962 muare>
409 2877 474 2942 Nee
491 2877 632 2952 advertis,
651 2895 690 2940 ex
705 2878 751 2940 bis
767 2878 917 2941 admoueri
933 2886 978 2952 le,
1001 2877 1097 2949 bemu.

111 2985 146 3029 me
160 2969 324 3028 immaturos
339 2963 449 3026 fruetus
462 2976 528 3026 turus
541 2961 604 3026 «lies
616 2983 765 3046 supremus
777 2964 915 3039 inveniat,
930 2973 982 3026 eut
993 2964 1105 3046 plenae

74 3103 75 3108 ,
111 3062 219 3134 tempus
240 3045 344 3112 aetatis
370 3069 461 3132 opera
486 3051 625 3132 imparata
647 3048 828 3113 ieieeeuati
868 3049 1002 3114 Aeerbus
1023 3048 1099 3110 euim

111 3137 219 3200 iruetus
240 3137 366 3220 amarior
387 3155 452 3200 esse
474 3137 625 3200 eousuerit
646 3155 702 3199 mee
722 3148 822 3220 petest
836 3135 922 3200 iulee
939 3153 1019 3210 esee,
1041 3133 1100 3206 uiti

179 3361 207 3425 l)
221 3359 522 3425 ltseiltquuquebug.p
535 3358 795 3424 sortmeottttpss
807 3371 892 3422 mque
903 3357 1035 3411 burellis
1048 3361 1099 3410 ete.

113 3429 142 3492 2)
158 3431 197 3480 lta
205 3444 296 3481 omues
304 3429 364 3480 libel
376 3433 473 3482 meast
483 3430 774 3492 statiuaisslmaeeiltt,
792 3442 856 3491 qast
871 3427 988 3479 sitimus.
1014 3429 1100 3478 Beue·

113 3497 215 3560 pletlmh
234 3499 307 3550 mulla
315 3498 436 3549 leetleuls
445 3499 571 3549 sinetata
580 3498 714 3562 verteme,
732 3497 904 3561 seripserunt:
921 3496 1098 3548 euarertle.

112 3566 141 3628 ⁸)
157 3567 310 3632 ttutppa,
330 3570 373 3617 tt.
442 3567 672 3632 t)1ouse‚t.t.
733 3567 771 3628 ’8)
788 3569 900 3618 letarum
916 3569 1054 3618 verberam
1071 3564 1100 3616 lm

114 3633 190 3686 carm
199 3637 298 3688 eeliels
307 3635 424 3700 marpissa
432 3635 499 3686 bsae
509 3627 917 3700 tntsrprstsuaasuittsrstteurl
930 3635 1098 3690 intemeratis

113 3702 212 3755 lailsue
226 3708 303 3756 emeat
315 3705 428 3768 laplles,
446 3703 492 3766 qul
508 3703 549 3754 is
559 3705 631 3754 luite
649 3705 783 3766 ierantarp
800 3705 886 3766 utar,
904 3717 969 3766 quas
983 3703 1097 3764 lbereg.

113 3769 224 3834 uuum,
242 3785 310 3836 quse
318 3773 418 3825 usitate
428 3771 532 3824 sonim
543 3775 669 3824 versatur
681 3773 836 3837 margaritae
848 3777 875 3824 st
888 3771 984 3835 perlae.
1008 3769 1096 3834 ›berl-

112 3839 600 3908 mnetpsluumssaarsrtsnstslbam
608 3839 779 3894 mulsam.
868 3889 869 3894 ,
926 3893 931 3902 ,

839 3907 935 3974 ⁸0.
