2736 4394
346 299 631 354 nnxentannott.
665 297 781 352 LlBElt
800 298 833 350 V.
1008 295 1083 356 m

98 445 197 532 quidue
218 441 334 508 irretire
355 439 482 525 possint,
502 435 645 522 'quidquid
670 440 701 502 in
726 436 862 528 ecopuloe
882 453 953 501 nune
973 433 1085 501 inuadit

97 531 239 598 inciderit.
302 591 306 600 ,
353 599 354 602 ¹
526 583 529 590 .
773 535 775 542 '

178 622 230 686 22.
266 611 381 674 Cancer
402 628 521 696 qnoque.
541 629 612 692 queo
637 611 695 675 eilri
721 612 817 692 gretia
841 611 1015 694 praestigiae
1040 614 1085 674 ln·

96 704 192 770 ntrultl
235 697 366 782 Namque
385 707 416 758 ct
432 699 495 781 ipre
513 707 612 759 ostreo
631 697 794 760 delectatur
814 707 846 760 et
863 699 999 776 carnin¹)
1021 698 1084 760 ciue

90 789 207 874 'epulum
232 785 287 846 ribi
314 785 435 864 quaerit.
480 780 541 844 Sed
563 783 630 865 quin
651 795 684 845 ut
704 793 844 864 appetem
866 775 993 846 elbi'ita
1014 801 1086 864 pro·

95 876 217 958 spicieno
234 881 280 932 cet
289 869 434 1017 periculi,
453 867 586 953 qnoniam
605 889 669 932 cuna
687 869 810 931 dilllcllir
828 880 874 931 cot
889 869 1006 932 venatio
1024 877 1084 931 tum

96 957 270 1046 peric'uloca3
313 955 474 1029 liticine,
493 957 560 1036 quia
574 957 655 1018 tertie
669 955 856 1018 validioribus
873 975 943 1019 enea
960 955 1084 1018 interior

96 1043 263 1119 inoludltnr;
286 1075 332 1090 -
353 1062 417 1104 netu
436 1042 515 1104 uelut
531 1043 618 1105 munio
636 1042 802 1126 qulbuedetn
821 1043 969 1106 mollitiem
987 1041 1084 1106 cnrnie

95 1131 241 1218 praecepti
264 1129 420 1212 inperialie
441 1127 586 1211 interpret
607 1141 709 1192 natura
731 1130 862 1205 praeivit,
885 1149 969 1213 quana
987 1127 1083 1192 medio

94 1231 228 1284 tentanum
251 1213 374 1298 quodam
397 1215 460 1279 einu
483 1235 614 1281 concavo
637 1219 727 1280 nutrit
748 1237 784 1280 nc
801 1219 882 1279 louet
899 1229 930 1280 et
947 1218 1030 1298 queat
1051 1217 1083 1279 in
1157 1257 1161 1264 -

94 1305 211 1391 quadarn
228 1305 303 1382 velle
322 1301 456 1365 did'untllt
472 1313 504 1364 et
521 1301 588 1365 ideo
607 1323 690 1364 canen
708 1305 803 1364 omnin
821 1313 998 1366 tentamenta
1015 1311 1083 1364 nunt

94 1393 204 1464 cancri,
231 1391 297 1472 quin
323 1389 438 1470 aperire
463 1389 589 1451 clnueunu
613 1401 738 1453 oetneuun
761 1391 839 1453 nulla
859 1391 889 1450 vl
909 1399 1021 1472 pote-etp
1039 1421 1085 1437 -
1125 1395 1131 1406 '

94 1490 125 1542 ct
147 1476 384 1561 periculorum
411 1485 470 1550 ent,
497 1477 522 1536 ni
545 1475 657 1538 clnclatn
680 1478 743 1538 ciue
765 1475 909 1539 includntr
935 1472 973 1537 ad
995 1494 1084 1557 ergu-

93 1575 187 1626 nentn
214 1563 347 1642 confugit
371 1570 403 1624 ct
428 1559 547 1624 incidiae
577 1582 652 1624 noua
677 1563 779 1626 iraude
811 1565 936 1626 molitur.
981 1561 1083 1646 ltaque

92 1652 157 1734 qula
183 1649 277 1710 onnia
303 1667 414 1730 genera
440 1646 636 1712 delectatione
667 1652 843 1724 mulcentur,
874 1649 1023 1731 exploret,
1055 1649 1084 1711 ei

92 1734 202 1820 quando
220 1745 348 1798 ortreurn
365 1735 486 1798 marotia
503 1737 532 1798 in
550 1736 679 1800 loeie‘nb
698 1739 775 1800 omni
788 1746 876 1800 rento
891 1745 995 1814 contre
1011 1732 1083 1798 eolla
1125 1805 1132 1814 ,

92 1822 187 1886 rudior
213 1820 380 1905 diptychum
406 1820 477 1886 illud
503 1841 583 1886 ouum
611 1825 725 1906 aperiat
754 1833 786 1886 ot
815 1833 930 1886 cenent
956 1822 1085 1886 clauum

94 1919 241 1983 testamur,
264 1919 296 1971 nt
317 1909 410 1971 libero
433 1927 503 1973 aere
525 1911 649 1974 aiecorlo
669 1911 714 1973 rui
736 1911 911 1992 uoluptatem
930 1905 1085 1992 qunndcnn

92 1997 199 2078 capiate
223 2006 255 2057 ct
276 2005 343 2058 tunc
367 1996 500 2059 clanculo
519 1995 659 2060 caleulum
682 1997 850 2071 lummene,
873 1993 993 2078 lmpcdit
1009 2014 1083 2058 con-

90 2083 246 2144 clusionem
273 2081 377 2157 cettei,
409 2101 445 2144 nc
470 2083 514 2145 ric
540 2095 642 2166 :perta
667 2083 795 2147 elauctrn
820 2085 988 2166 reperiant,
1017 2091 1082 2146 tuto

92 2169 192 2230 inserit
209 2168 307 2231 chelae
323 2169 493 2253 visceraque
516 2169 630 2234 iuterna
647 2167 824 2254 depascitur.
1101 2221 1104 2230 .
1132 2231 1138 2240 ,

171 2259 231 2324 23.
268 2253 343 2317 Sunt
363 2276 436 2339 crgo
462 2257 607 2333 dominon,
634 2259 682 2341 qui
709 2259 809 2321 cuncni
835 2277 886 2320 neu
912 2257 943 2319 in
967 2256 1082 2320 clicone

91 2362 170 2405 usuur
201 2343 476 2425 eincunrcriptionlr
507 2345 638 2427 irrepant
663 2356 695 2409 et
720 2347 913 2408 indemitaten
943 2344 1081 2428 propriae

88 2431 199 2492 virtutle
225 2439 289 2491 netu
315 2429 438 2513 quodam
464 2431 641 2508 suffulciunt,
673 2433 757 2495 l'rntci
783 2431 879 2495 dolum
906 2442 1025 2496 nectant
1049 2438 1082 2493 ot

88 2517 204 2581 alteniur
226 2527 382 2600 parcuntur
398 2537 546 2582 aerumna.
589 2517 634 2586 Tu
655 2523 751 2583 auteur
774 2519 900 2604 propriis
920 2529 985 2581 ento
1008 2535 1081 2582 con·

91 2614 185 2667 uatus
207 2615 238 2666 et
258 2605 354 2669 nliena
379 2616 408 2668 to
430 2603 533 2669 damna
556 2627 613 2669 non
636 2618 765 2691 pnncnnt
810 2607 908 2670 Bonue
930 2607 1012 2669 elluo
1034 2614 1101 2668 eet·

90 2687 256 2776 sinpliciter
282 2694 478 2756 innocentiae.
523 2691 583 2758 Suc
603 2692 680 2758 lona
702 2693 813 2758 habent
833 2692 963 2758 insidiari
985 2693 1081 2758 nencit

89 2781 188 2843 alienia
211 2799 266 2842 nec
288 2781 428 2848 nutritiae
449 2782 561 2845 lacibue
583 2781 756 2856 lunt-deecit,
783 2783 831 2846 eui
857 2783 967 2846 luerunt
982 2783 1080 2846 'enne

90 2866 126 2930 ad
142 2869 274 2931 virtutem
292 2865 473 2954 dispendium
490 2879 550 2945 est,
567 2867 605 2933 ad
624 2869 809 2954 cupiditatem
827 2869 1001 2934 incendium.
1040 2867 1081 2932 Et
1108 2875 1112 2884 '

92 2953 156 3018 ideo
173 2953 259 3018 beata
272 2967 326 3032 ont,
345 2957 370 3018 ni
387 2955 464 3019 leona
481 2977 533 3022 eno
551 2959 673 3032 noverit,
692 2978 756 3020 cour
774 2961 897 3021 veritate
914 2967 1080 3040 paupertas,

90 3051 120 3104 et
136 3042 264 3106 onnlhue
285 3041 479 3127 praelerendn
500 3043 657 3119 ducenaria,
680 3045 745 3128 quin
763 3045 864 3108 nelino
882 3053 927 3108 eet
944 3046 1079 3128 exiguum

90 3127 182 3192 datum
197 3150 261 3194 cunr
274 3130 330 3196 Dei
348 3133 463 3206 tinore,
482 3151 565 3217 quant
584 3131 711 3196 tdeennri
728 3133 825 3214 magni
842 3134 904 3196 elne
922 3133 1077 3210 littorei)

91 3213 227 3292 Quantum
249 3229 295 3282 ent
317 3218 408 3293 enin,
436 3216 513 3302 qnod
535 3217 679 3284 honinem
704 3219 783 3282 alntl
824 3217 930 3286 Antei
952 3219 1123 3302 qnaeriu'.
1235 3221 1240 3272 ἰ

90 3303 266 3385 quodetiam
284 3305 348 3370 aliie
365 3305 494 3370 abundet
509 3303 546 3370 nd
565 3309 697 3388 gratiana,
716 3305 745 3372 td
762 3327 875 3391 quoquc
888 3327 947 3372 non
960 3307 1078 3375 rnultnnt

90 3401 141 3454 eet.
182 3391 292 3478 Melior
310 3395 387 3459 eninr
409 3405 456 3460 ert
477 3395 657 3479 hospitaliter
678 3395 708 3457 in
731 3394 857 3459 olerllrnr
880 3415 944 3460 cun
971 3396 1077 3477 patin.

90 3497 169 3560 quan
198 3480 352 3545 vitulorum
386 3483 533 3568 pinguiam
567 3483 752 3567 pcncpnrntlo
783 3503 847 3548 cunr
878 3479 1077 3561 diocordla⁸>

80 3561 205 3630 'dunen
229 3586 303 3650 ergo
329 3571 447 3652 ingenio
474 3567 513 3633 nd
539 3568 732 3655 punct-endan
758 3571 879 3654 gradun
902 3581 934 3635 et
955 3569 1077 3634 ulutenn

91 3651 235 3730 tuendam,
261 3675 320 3718 non
345 3655 384 3721 nd
409 3657 534 3722 ellenon
560 3655 850 3725 eirounuorlleendnrn
872 3657 1076 3725 innocentian-

98 3779 303 3800 n*-

155 3823 361 3926 nectantur
379 3868 406 3915 et
419 3879 533 3917 corace
546 3867 895 3934 clnupulnnatitrlqunerll.
962 3867 1077 3936 ΝΜ.

90 3921 183 3982 Μ.
251 3931 496 3998 aperueram„
725 3935 728 3942 ·
858 3963 863 3974 .
985 3961 1000 3984 .·

122 4005 291 4061 euaaortuo.
313 4013 344 4066 tt.
574 4085 580 4095 Ι
837 4028 859 4084 g
