2784 4402
353 269 450 333 ee.
624 217 1028 320 ·.·ssrtcnr.·stts'eosrs
1066 287 1084 330 -4

353 409 460 473 misem·
472 414 520 469 est
540 401 668 488 Spiritus
686 402 758 480 Dei,
778 399 949 468 nbidieine
968 402 1104 484 incipere
1120 400 1248 466 leleict
1268 417 1341 485 ope·

352 494 438 557 rntio.
472 492 549 566 Fut,
567 493 675 574 inquit,'
690 491 750 554 lux.
789 485 872 552 Unde
889 509 947 552 vox
963 487 1024 556 Dei
1035 490 1065 550 in
1082 489 1226 572 scripturn
1244 487 1342 551 divine

352 577 452 643 debuit
467 579 620 653 incinere,
639 577 694 640 nisi
711 596 731 639 c
746 577 871 639 luminel
891 573 967 639 unde
984 573 1082 638 mundi
1099 586 1231 652 ornetur,
1249 575 1305 638 nisi
1322 595 1342 638 c

353 667 418 729 loeo
435 663 586 727 exordium
602 666 737 727 sumeret·
769 662 890 728 ttueun·
904 664 980 726 enim
997 673 1090 736 esset,
1107 662 1133 724 si
1149 682 1208 725 non
1224 659 1342 724 videre-

184 729 189 740 ·
280 795 290 810 ,
353 761 409 816 tur.
451 750 525 814 lirul
542 748 656 834 quidem
673 747 752 812 licus
769 750 831 834 ipse
848 747 878 810 in
896 748 1017 825 lumine,
1034 749 1102 832 quic
1118 748 1212 811 lucem
1229 747 1343 810 habitet

351 835 595 913 inaccessibilem
613 846 644 900 et
660 848 726 899 erut
741 836 837 899 lumen
849 852 959 910 verum,
977 835 1054 919 qnod
1071 835 1210 898 illuminnt
1227 852 1342 897 omnem

351 923 496 990 hominem
510 924 674 988 venientem
694 923 725 986 in
746 921 822 986 huuc
844 920 991 999 mnndum3
1014 922 1067 986 sed
1084 941 1147 984 cum
1165 923 1259 1002 lucem
1276 921 1342 984 lieri

350 1011 456 1086 veluit,
487 1029 561 1094 qnoe
587 1009 680 1074 oculis
706 1007 906 1092 corporalibus
936 1007 1261 1092 comprehenderetur..
1286 1006 1342 1084 Qut

351 1096 514 1162 redilicium
530 1093 648 1180 nliqnod
664 1093 780 1177 dignum
802 1093 968 1158 habitaculo
989 1095 1203 1178 patrisfamiliae
1225 1105 1341 1160 struere

351 1181 508 1260 desideret,
525 1193 676 1266 antequem
688 1180 874 1246 tentamento
890 1191 988 1264 ponet,
1007 1179 1082 1244 unde
1097 1181 1190 1246 lucem
1205 1183 1234 1244 ci
1247 1181 1343 1244 iniun-

196 1291 210 1316 =
351 1269 424 1346 ὀπὴ]
438 1271 572 1354 exploret
592 1281 625 1334 et
644 1289 682 1334 cc
701 1271 798 1353 prims
816 1279 862 1332 est
882 1269 991 1350 poue,
1019 1287 1092 1352 quoe
1114 1270 1139 1331 si
1162 1267 1254 1352 desit,
1279 1279 1343 1332 toln

351 1354 453 1420 domus
470 1355 593 1420 deiormi
609 1355 712 1420 horret
729 1355 849 1419 inculto.
893 1353 959 1418 Lux
974 1365 1034 1430 est,
1052 1374 1126 1437 quoe
1144 1357 1272 1438 reliquos
1289 1353 1343 1420 do-

351 1464 414 1508 mne
438 1441 620 1507 commendet
645 1453 774 1507 ornatos.
790 1440 897 1518 yllint,
929 1441 1036 1524 inquit,
1067 1442 1128 1504 lusi
1170 1441 1262 1506 Plcnn
1283 1462 1343 1506 uox

351 1532 464 1606 luminis
481 1551 538 1594 non
556 1527 937 1614 dispositionisnppurntum
955 1529 1110 1610 significet,
1128 1527 1180 1591 sed
1194 1531 1343 1612 operatio·

351 1617 396 1680 nis
412 1614 579 1700 resplendet
595 1614 993 1698 eueeu.-;1tstureeoptrex
1011 1615 1104 1678 lucem
1122 1615 1237 1679 locotus
1249 1628 1295 1680 est
1311 1628 1344 1680 et

351 1704 472 1768 ennete
515 1699 630 1766 Sermo
645 1701 703 1768 liei
727 1702 866 1767 volentes
885 1712 947 1778 est,
972 1721 1044 1784 opus
1060 1701 1125 1766 ttet
1151 1713 1265 1776 cuturn,
1280 1713 1342 1780 estc

351 1789 444 1854 locem
461 1789 582 1864 emovit,
600 1789 737 1853 tenebras
753 1789 939 1861 illuminarit·¹
966 1787 1007 1851 lit
1019 1787 1193 1870 dixitlleus,
1212 1789 1277 1872 Fiet
1293 1789 1344 1853 lux

350 1885 383 1940 ct
402 1875 482 1940 lecte
502 1886 549 1938 est
570 1876 628 1938 lux.
671 1874 740 1938 Non
757 1873 825 1938 ideo
843 1872 929 1948 ttxtt,
952 1884 985 1935 nt
1005 1885 1178 1956 coqueretur
1198 1877 1341 1959 operatio,

350 1957 403 2024 scd
419 1959 499 2024 dicto
516 1961 640 2024 nbwlvit
656 1963 815 2044 negotium.
851 1958 935 2023 liudo
950 1961 1051 2042 pulcre
1069 1959 1238 2023 Devidicnm
1256 1959 1341 2024 illude

195 2009 222 2044 ⁸
296 2111 300 2120 ‚
350 2044 431 2110 llixit
446 2056 479 2109 et
494 2046 574 2109 lecte
590 2049 709 2126 sunt,¹)
728 2047 794 2130 quir
807 2044 915 2108 dictum
929 2045 1202 2127 impleviteffeetne.
1227 2041 1343 2110 Auctor

241 2165 243 2172 ·
351 2131 514 2214 ergolucin
531 2131 625 2208 Deus,
648 2132 730 2202 locus
747 2143 845 2208 entem
861 2143 892 2195 et
909 2151 997 2194 canen
1014 2131 1206 2194 tenebrarum·
1221 2130 1342 2195 mundns

302 2229 305 2236 “
350 2228 405 2280 est.
441 2215 612 2280 Sedltonus
628 2228 733 2280 cucur
748 2219 790 2281 itn
807 2218 901 2281 lucem
919 2215 1040 2296 tisim)
1058 2228 1091 2279 ut
1103 2215 1236 2281 mnndum
1249 2221 1342 2301 ipsum

349 2303 443 2366 inluso
461 2304 596 2384 eperiret.
607 2302 713 2365 lumine
730 2314 816 2384 etque
835 2305 897 2365 eins
918 2305 1046 2382 speciem
1063 2313 1239 2365 venustaret.
1283 2301 1342 2367 lie·

350 2383 494 2470 splenduit
515 2387 605 2466 igitur
624 2387 722 2449 subito
738 2406 792 2450 uer
807 2398 839 2450 ct
856 2396 1035 2468 expaverunt
1054 2387 1194 2450 tenebroe
1212 2388 1280 2450 novi
1297 2389 1341 2452 ln·

349 2473 433 2534 minis
450 2471 614 2536 clotitntc.·
634 2469 785 2554 Repressit
801 2490 853 2535 ens
870 2471 999 2552 eruunt
1016 2471 1046 2534 in
1063 2469 1186 2553 nityssos
1203 2471 1342 2536 demersit

258 2555 265 2572 '
349 2568 470 2639 repente
494 2576 550 2640 per
573 2557 708 2620 universe
733 2556 830 2620 mnndi
851 2557 950 2638 iulpor
974 2556 1047 2618 lucie
1072 2557 1191 2620 inlusus.
1235 2557 1341 2622 Pulere

348 2643 445 2725 tuque
461 2653 494 2705 ct
510 2643 627 2726 proprie
645 2640 744 2706 diuite
769 2642 876 2706 Fecte
898 2651 955 2704 est
974 2641 1041 2704 lux.
1086 2641 1170 2706 Sicut
1187 2643 1340 2706 cnimcito

348 2725 398 2791 lux
420 2727 547 2802 coelum,
574 2739 683 2804 tem,
709 2729 800 2792 morin
821 2729 962 2802 illuminet
982 2738 1014 2790 ct
1035 2739 1181 2790 momento
1203 2729 1341 2811 temporis

323 2813 411 2875 „sine
433 2813 491 2876 ullu
512 2813 772 2896 comprehensione
794 2815 915 2886 retectis
935 2813 1080 2892 surgentis
1103 2809 1165 2875 diei
1185 2813 1341 2894 splendore

287 2899 292 2926 ·‘
331 2897 532 2978 'regionilucc
550 2909 651 2964 nostro
667 2917 701 2961 se
719 2897 922 2962 circumfundit
938 2896 1103 2980 edspectruic
1121 2900 1163 2960 itu
1180 2909 1261 2984 ortus
1277 2901 1341 2962 cius

294 3011 300 3017 ·
349 2982 409 3044 cito
432 2979 531 3045 debuit
552 2981 703 3064 explicari.
730 2981 821 3060 ‚Quid
843 2983 992 3058 miremur,
1014 2983 1040 3044 si
1057 2982 1136 3046 Dens
1158 2983 1272 3047 locutus
1294 2993 1341 3049 est

348 3064 443 3130 lucem
464 3077 496 3131 et
517 3067 660 3150 edipnnti
681 3067 786 3132 mundo
812 3070 907 3150 lumen
933 3069 1064 3143 emicuit,
1092 3066 1205 3152 qnnndo
1228 3067 1254 3134 si
1277 3069 1340 3154 quis

347 3151 425 3215 lntcr
440 3171 530 3238 eques
547 3172 671 3227 memus,
694 3153 788 3218 oleum
806 3173 858 3216 ore
876 3151 1018 3240 emiserit,
1042 3155 1167 3217 clariore
1186 3155 1276 3219 inclrt
1292 3175 1338 3230 et,

347 3253 422 3320 qnee
439 3235 575 3322 proiundi
593 3248 623 3301 tc
662 3237 767 3302 lentur
783 3241 926 3303 occulliel
958 3238 1039 3302 Dixit
1050 3237 1143 3316 Dente
1162 3259 1220 3302 nou
1237 3251 1271 3302 nt
1286 3259 1340 3324 per

342 3323 428 3394 ¹vocis
445 3341 556 3404 ergene
572 3325 620 3408 qni
640 3343 686 3387 non
708 3323 801 3388 sonus'
817 3324 958 3387 sermonis
975 3325 1072 3388 exiret
1093 3342 1149 3387 nec
1169 3333 1202 3387 nt
1222 3325 1337 3408 linpnne

207 3419 209 3424 ·
347 3417 442 3470 motos
459 3408 589 3472 coeleste
606 3410 747 3473 icrmnrct
761 3409 917 3492 alloquium
938 3404 1025 3492 etque
1047 3427 1146 3473 cerem
1167 3409 1251 3472 istum
1273 3411 1336 3494 qni·

333 3485 413 3554 -dnm
429 3493 741 3579 rcrlsorum'strepitno
755 3495 940 3570 perterrente
962 3491 1015 3557 ced
1035 3504 1069 3558 nt
1088 3495 1245 3560 reinstetin
1266 3511 1336 3559 succ

260 3627 266 3637 ,
346 3577 545 3658 cognitionem
561 3579 702 3662 proderet
718 3579 896 3663 operationis
913 3578 1031 3644 effectu.
1107 3601 1117 3608 ·
1296 3611 1298 3616 ·

342 3765 511 3906 ,ψέξει
528 3784 644 3854 eres
708 3775 758 3851 c)
784 3785 905 3850 neuque
931 3785 1003 3838 esen
1026 3749 1097 3852 'ntes
1120 3773 1235 3872 sejeure
1256 3767 1333 3864 rep:
